{"_default": {"1": {"isBestMatch": true, "id": 37848108, "price": "0.00342730", "isBuyerMaker": false, "qty": "0.15000000", "time": 1551805165461}, "2": {"isBestMatch": true, "id": 37848109, "price": "0.00342750", "isBuyerMaker": false, "qty": "0.02000000", "time": 1551805165461}, "3": {"isBestMatch": true, "id": 37848110, "price": "0.00342750", "isBuyerMaker": false, "qty": "0.17000000", "time": 1551805169260}, "4": {"isBestMatch": true, "id": 37848111, "price": "0.00342700", "isBuyerMaker": false, "qty": "0.62000000", "time": 1551805172742}, "5": {"isBestMatch": true, "id": 37848112, "price": "0.00342700", "isBuyerMaker": false, "qty": "9.38000000", "time": 1551805175075}, "6": {"isBestMatch": true, "id": 37848113, "price": "0.00342700", "isBuyerMaker": true, "qty": "4.42000000", "time": 1551805176759}, "7": {"isBestMatch": true, "id": 37848114, "price": "0.00342750", "isBuyerMaker": false, "qty": "0.76000000", "time": 1551805180454}, "8": {"isBestMatch": true, "id": 37848115, "price": "0.00342750", "isBuyerMaker": false, "qty": "0.62000000", "time": 1551805183286}, "9": {"isBestMatch": true, "id": 37848116, "price": "0.00342750", "isBuyerMaker": false, "qty": "0.62000000", "time": 1551805188939}, "10": {"isBestMatch": true, "id": 37848117, "price": "0.00342750", "isBuyerMaker": false, "qty": "5.00000000", "time": 1551805188950}, "11": {"isBestMatch": true, "id": 37848118, "price": "0.00342750", "isBuyerMaker": false, "qty": "14.36000000", "time": 1551805189042}, "12": {"isBestMatch": true, "id": 37848119, "price": "0.00342910", "isBuyerMaker": false, "qty": "0.61000000", "time": 1551805192783}, "13": {"isBestMatch": true, "id": 37848120, "price": "0.00342910", "isBuyerMaker": false, "qty": "0.61000000", "time": 1551805194862}, "14": {"isBestMatch": true, "id": 37848121, "price": "0.00342910", "isBuyerMaker": false, "qty": "0.60000000", "time": 1551805199011}, "15": {"isBestMatch": true, "id": 37848122, "price": "0.00342950", "isBuyerMaker": false, "qty": "1.17000000", "time": 1551805199514}, "16": {"isBestMatch": true, "id": 37848123, "price": "0.00342950", "isBuyerMaker": false, "qty": "23.62000000", "time": 1551805199514}, "17": {"isBestMatch": true, "id": 37848124, "price": "0.00342960", "isBuyerMaker": false, "qty": "2.00000000", "time": 1551805199514}, "18": {"isBestMatch": true, "id": 37848125, "price": "0.00343010", "isBuyerMaker": false, "qty": "2.34000000", "time": 1551805199514}, "19": {"isBestMatch": true, "id": 37848126, "price": "0.00342940", "isBuyerMaker": true, "qty": "275.68000000", "time": 1551805199648}, "20": {"isBestMatch": true, "id": 37848127, "price": "0.00342770", "isBuyerMaker": true, "qty": "5.59000000", "time": 1551805200395}, "21": {"isBestMatch": true, "id": 37848128, "price": "0.00343000", "isBuyerMaker": false, "qty": "4.70000000", "time": 1551805201215}, "22": {"isBestMatch": true, "id": 37848129, "price": "0.00343000", "isBuyerMaker": false, "qty": "0.60000000", "time": 1551805203683}, "23": {"isBestMatch": true, "id": 37848130, "price": "0.00343000", "isBuyerMaker": false, "qty": "0.59000000", "time": 1551805206367}, "24": {"isBestMatch": true, "id": 37848131, "price": "0.00342990", "isBuyerMaker": false, "qty": "1.99000000", "time": 1551805206879}, "25": {"isBestMatch": true, "id": 37848132, "price": "0.00342940", "isBuyerMaker": false, "qty": "0.59000000", "time": 1551805209212}, "26": {"isBestMatch": true, "id": 37848133, "price": "0.00342950", "isBuyerMaker": false, "qty": "0.65000000", "time": 1551805210862}, "27": {"isBestMatch": true, "id": 37848134, "price": "0.00342950", "isBuyerMaker": false, "qty": "0.59000000", "time": 1551805213476}, "28": {"isBestMatch": true, "id": 37848135, "price": "0.00342950", "isBuyerMaker": false, "qty": "0.58000000", "time": 1551805217705}, "29": {"isBestMatch": true, "id": 37848136, "price": "0.00342950", "isBuyerMaker": false, "qty": "1.77000000", "time": 1551805218459}, "30": {"isBestMatch": true, "id": 37848137, "price": "0.00343010", "isBuyerMaker": false, "qty": "1.23000000", "time": 1551805218459}, "31": {"isBestMatch": true, "id": 37848138, "price": "0.00343000", "isBuyerMaker": false, "qty": "11.02000000", "time": 1551805219236}, "32": {"isBestMatch": true, "id": 37848139, "price": "0.00343010", "isBuyerMaker": false, "qty": "1.00000000", "time": 1551805220217}, "33": {"isBestMatch": true, "id": 37848140, "price": "0.00343000", "isBuyerMaker": true, "qty": "24.17000000", "time": 1551805220219}, "34": {"isBestMatch": true, "id": 37848141, "price": "0.00343000", "isBuyerMaker": true, "qty": "21.48000000", "time": 1551805220265}, "35": {"isBestMatch": true, "id": 37848142, "price": "0.00343010", "isBuyerMaker": false, "qty": "1.00000000", "time": 1551805220571}, "36": {"isBestMatch": true, "id": 37848143, "price": "0.00343000", "isBuyerMaker": true, "qty": "43.95000000", "time": 1551805221064}, "37": {"isBestMatch": true, "id": 37848144, "price": "0.00343010", "isBuyerMaker": false, "qty": "0.58000000", "time": 1551805223720}, "38": {"isBestMatch": true, "id": 37848145, "price": "0.00343000", "isBuyerMaker": true, "qty": "12.62000000", "time": 1551805225887}, "39": {"isBestMatch": true, "id": 37848146, "price": "0.00343010", "isBuyerMaker": false, "qty": "0.57000000", "time": 1551805226920}, "40": {"isBestMatch": true, "id": 37848147, "price": "0.00343000", "isBuyerMaker": true, "qty": "30.16000000", "time": 1551805227011}, "41": {"isBestMatch": true, "id": 37848148, "price": "0.00343000", "isBuyerMaker": true, "qty": "26.00000000", "time": 1551805227745}, "42": {"isBestMatch": true, "id": 37848149, "price": "0.00343010", "isBuyerMaker": false, "qty": "93.28000000", "time": 1551805229928}, "43": {"isBestMatch": true, "id": 37848150, "price": "0.00343010", "isBuyerMaker": false, "qty": "0.89000000", "time": 1551805229928}, "44": {"isBestMatch": true, "id": 37848151, "price": "0.00343020", "isBuyerMaker": true, "qty": "11.60000000", "time": 1551805230903}, "45": {"isBestMatch": true, "id": 37848152, "price": "0.00343010", "isBuyerMaker": true, "qty": "10.26000000", "time": 1551805230903}, "46": {"isBestMatch": true, "id": 37848153, "price": "0.00343160", "isBuyerMaker": false, "qty": "0.46000000", "time": 1551805234092}, "47": {"isBestMatch": true, "id": 37848154, "price": "0.00343160", "isBuyerMaker": false, "qty": "0.63000000", "time": 1551805234136}, "48": {"isBestMatch": true, "id": 37848155, "price": "0.00343160", "isBuyerMaker": true, "qty": "0.37000000", "time": 1551805236603}, "49": {"isBestMatch": true, "id": 37848156, "price": "0.00343160", "isBuyerMaker": true, "qty": "2.41000000", "time": 1551805236603}, "50": {"isBestMatch": true, "id": 37848157, "price": "0.00343040", "isBuyerMaker": true, "qty": "3.03000000", "time": 1551805236603}, "51": {"isBestMatch": true, "id": 37848158, "price": "0.00343060", "isBuyerMaker": true, "qty": "4.97000000", "time": 1551805237546}, "52": {"isBestMatch": true, "id": 37848159, "price": "0.00343190", "isBuyerMaker": false, "qty": "0.89000000", "time": 1551805237862}, "53": {"isBestMatch": true, "id": 37848160, "price": "0.00343200", "isBuyerMaker": false, "qty": "1.36000000", "time": 1551805237862}, "54": {"isBestMatch": true, "id": 37848161, "price": "0.00343230", "isBuyerMaker": false, "qty": "2.62000000", "time": 1551805237862}, "55": {"isBestMatch": true, "id": 37848162, "price": "0.00343350", "isBuyerMaker": false, "qty": "7.20000000", "time": 1551805237862}, "56": {"isBestMatch": true, "id": 37848163, "price": "0.00343360", "isBuyerMaker": false, "qty": "20.31000000", "time": 1551805237862}, "57": {"isBestMatch": true, "id": 37848164, "price": "0.00343370", "isBuyerMaker": false, "qty": "72.62000000", "time": 1551805237862}, "58": {"isBestMatch": true, "id": 37848165, "price": "0.00343380", "isBuyerMaker": false, "qty": "5.00000000", "time": 1551805237862}, "59": {"isBestMatch": true, "id": 37848166, "price": "0.00343400", "isBuyerMaker": false, "qty": "0.40000000", "time": 1551805237862}, "60": {"isBestMatch": true, "id": 37848167, "price": "0.00343400", "isBuyerMaker": false, "qty": "0.40000000", "time": 1551805237862}, "61": {"isBestMatch": true, "id": 37848168, "price": "0.00343410", "isBuyerMaker": false, "qty": "98.25000000", "time": 1551805237862}, "62": {"isBestMatch": true, "id": 37848169, "price": "0.00343440", "isBuyerMaker": false, "qty": "22.00000000", "time": 1551805237862}, "63": {"isBestMatch": true, "id": 37848170, "price": "0.00343460", "isBuyerMaker": false, "qty": "1.50000000", "time": 1551805237862}, "64": {"isBestMatch": true, "id": 37848171, "price": "0.00343460", "isBuyerMaker": false, "qty": "0.62000000", "time": 1551805237862}, "65": {"isBestMatch": true, "id": 37848172, "price": "0.00343480", "isBuyerMaker": false, "qty": "25.40000000", "time": 1551805237862}, "66": {"isBestMatch": true, "id": 37848173, "price": "0.00343500", "isBuyerMaker": true, "qty": "6.61000000", "time": 1551805237936}, "67": {"isBestMatch": true, "id": 37848174, "price": "0.00343500", "isBuyerMaker": true, "qty": "12.94000000", "time": 1551805237975}, "68": {"isBestMatch": true, "id": 37848175, "price": "0.00343500", "isBuyerMaker": true, "qty": "1.43000000", "time": 1551805237992}, "69": {"isBestMatch": true, "id": 37848176, "price": "0.00343500", "isBuyerMaker": true, "qty": "9.83000000", "time": 1551805238182}, "70": {"isBestMatch": true, "id": 37848177, "price": "0.00343590", "isBuyerMaker": false, "qty": "0.68000000", "time": 1551805239039}, "71": {"isBestMatch": true, "id": 37848178, "price": "0.00343590", "isBuyerMaker": false, "qty": "0.68000000", "time": 1551805239039}, "72": {"isBestMatch": true, "id": 37848179, "price": "0.00343590", "isBuyerMaker": false, "qty": "0.68000000", "time": 1551805239039}, "73": {"isBestMatch": true, "id": 37848180, "price": "0.00343610", "isBuyerMaker": false, "qty": "155.00000000", "time": 1551805239039}, "74": {"isBestMatch": true, "id": 37848181, "price": "0.00343630", "isBuyerMaker": false, "qty": "5.85000000", "time": 1551805239039}, "75": {"isBestMatch": true, "id": 37848182, "price": "0.00343670", "isBuyerMaker": false, "qty": "0.21000000", "time": 1551805239039}, "76": {"isBestMatch": true, "id": 37848183, "price": "0.00343670", "isBuyerMaker": false, "qty": "0.09000000", "time": 1551805240087}, "77": {"isBestMatch": true, "id": 37848184, "price": "0.00343530", "isBuyerMaker": true, "qty": "1.57000000", "time": 1551805240575}, "78": {"isBestMatch": true, "id": 37848185, "price": "0.00343690", "isBuyerMaker": false, "qty": "2.14000000", "time": 1551805242980}, "79": {"isBestMatch": true, "id": 37848186, "price": "0.00343690", "isBuyerMaker": false, "qty": "1.99000000", "time": 1551805243699}, "80": {"isBestMatch": true, "id": 37848187, "price": "0.00343690", "isBuyerMaker": false, "qty": "5.80000000", "time": 1551805244529}, "81": {"isBestMatch": true, "id": 37848188, "price": "0.00343690", "isBuyerMaker": false, "qty": "5.80000000", "time": 1551805244720}, "82": {"isBestMatch": true, "id": 37848189, "price": "0.00343690", "isBuyerMaker": false, "qty": "1.76000000", "time": 1551805244812}, "83": {"isBestMatch": true, "id": 37848190, "price": "0.00343700", "isBuyerMaker": false, "qty": "0.70000000", "time": 1551805246986}, "84": {"isBestMatch": true, "id": 37848191, "price": "0.00343710", "isBuyerMaker": false, "qty": "0.43000000", "time": 1551805246986}, "85": {"isBestMatch": true, "id": 37848192, "price": "0.00343740", "isBuyerMaker": false, "qty": "1.00000000", "time": 1551805246986}, "86": {"isBestMatch": true, "id": 37848193, "price": "0.00343690", "isBuyerMaker": true, "qty": "2.65000000", "time": 1551805247716}, "87": {"isBestMatch": true, "id": 37848194, "price": "0.00343600", "isBuyerMaker": true, "qty": "10.16000000", "time": 1551805247716}, "88": {"isBestMatch": true, "id": 37848195, "price": "0.00343610", "isBuyerMaker": true, "qty": "8.54000000", "time": 1551805248209}, "89": {"isBestMatch": true, "id": 37848196, "price": "0.00343610", "isBuyerMaker": true, "qty": "5.69000000", "time": 1551805248491}, "90": {"isBestMatch": true, "id": 37848197, "price": "0.00343610", "isBuyerMaker": true, "qty": "3.80000000", "time": 1551805248615}, "91": {"isBestMatch": true, "id": 37848198, "price": "0.00343680", "isBuyerMaker": false, "qty": "2.65000000", "time": 1551805250384}, "92": {"isBestMatch": true, "id": 37848199, "price": "0.00343690", "isBuyerMaker": false, "qty": "31.42000000", "time": 1551805251958}, "93": {"isBestMatch": true, "id": 37848200, "price": "0.00343740", "isBuyerMaker": false, "qty": "4.24000000", "time": 1551805253015}, "94": {"isBestMatch": true, "id": 37848201, "price": "0.00343780", "isBuyerMaker": true, "qty": "0.31000000", "time": 1551805254742}, "95": {"isBestMatch": true, "id": 37848202, "price": "0.00343760", "isBuyerMaker": true, "qty": "5.43000000", "time": 1551805254742}, "96": {"isBestMatch": true, "id": 37848203, "price": "0.00343750", "isBuyerMaker": true, "qty": "2.29000000", "time": 1551805254742}, "97": {"isBestMatch": true, "id": 37848204, "price": "0.00343730", "isBuyerMaker": true, "qty": "0.31000000", "time": 1551805254742}, "98": {"isBestMatch": true, "id": 37848205, "price": "0.00343730", "isBuyerMaker": true, "qty": "0.31000000", "time": 1551805254742}, "99": {"isBestMatch": true, "id": 37848206, "price": "0.00343690", "isBuyerMaker": true, "qty": "12.02000000", "time": 1551805254742}, "100": {"isBestMatch": true, "id": 37848207, "price": "0.00343790", "isBuyerMaker": false, "qty": "2.52000000", "time": 1551805255581}, "101": {"isBestMatch": true, "id": 37848208, "price": "0.00343780", "isBuyerMaker": true, "qty": "0.31000000", "time": 1551805258206}, "102": {"isBestMatch": true, "id": 37848209, "price": "0.00343780", "isBuyerMaker": true, "qty": "0.31000000", "time": 1551805258206}, "103": {"isBestMatch": true, "id": 37848210, "price": "0.00343710", "isBuyerMaker": true, "qty": "4.07000000", "time": 1551805258206}, "104": {"isBestMatch": true, "id": 37848211, "price": "0.00343740", "isBuyerMaker": true, "qty": "8.72000000", "time": 1551805259633}, "105": {"isBestMatch": true, "id": 37848212, "price": "0.00343790", "isBuyerMaker": false, "qty": "2.54000000", "time": 1551805260294}, "106": {"isBestMatch": true, "id": 37848213, "price": "0.00343790", "isBuyerMaker": false, "qty": "1.44000000", "time": 1551805260509}, "107": {"isBestMatch": true, "id": 37848214, "price": "0.00343820", "isBuyerMaker": false, "qty": "2.62000000", "time": 1551805261186}, "108": {"isBestMatch": true, "id": 37848215, "price": "0.00343830", "isBuyerMaker": true, "qty": "5.94000000", "time": 1551805261210}, "109": {"isBestMatch": true, "id": 37848216, "price": "0.00343790", "isBuyerMaker": true, "qty": "1.00000000", "time": 1551805262149}, "110": {"isBestMatch": true, "id": 37848217, "price": "0.00343850", "isBuyerMaker": false, "qty": "38.73000000", "time": 1551805265213}, "111": {"isBestMatch": true, "id": 37848218, "price": "0.00343880", "isBuyerMaker": false, "qty": "2.00000000", "time": 1551805265213}, "112": {"isBestMatch": true, "id": 37848219, "price": "0.00343950", "isBuyerMaker": false, "qty": "0.44000000", "time": 1551805265213}, "113": {"isBestMatch": true, "id": 37848220, "price": "0.00343950", "isBuyerMaker": false, "qty": "30.23000000", "time": 1551805265213}, "114": {"isBestMatch": true, "id": 37848221, "price": "0.00343970", "isBuyerMaker": false, "qty": "2.45000000", "time": 1551805265213}, "115": {"isBestMatch": true, "id": 37848222, "price": "0.00343970", "isBuyerMaker": false, "qty": "0.89000000", "time": 1551805265213}, "116": {"isBestMatch": true, "id": 37848223, "price": "0.00344000", "isBuyerMaker": false, "qty": "0.30000000", "time": 1551805265213}, "117": {"isBestMatch": true, "id": 37848224, "price": "0.00344000", "isBuyerMaker": false, "qty": "50.00000000", "time": 1551805265213}, "118": {"isBestMatch": true, "id": 37848225, "price": "0.00344000", "isBuyerMaker": false, "qty": "1.00000000", "time": 1551805265213}, "119": {"isBestMatch": true, "id": 37848226, "price": "0.00344000", "isBuyerMaker": false, "qty": "1.51000000", "time": 1551805265213}, "120": {"isBestMatch": true, "id": 37848227, "price": "0.00344000", "isBuyerMaker": false, "qty": "1.00000000", "time": 1551805265213}, "121": {"isBestMatch": true, "id": 37848228, "price": "0.00344000", "isBuyerMaker": false, "qty": "1.01000000", "time": 1551805265213}, "122": {"isBestMatch": true, "id": 37848229, "price": "0.00344010", "isBuyerMaker": false, "qty": "1.16000000", "time": 1551805265979}, "123": {"isBestMatch": true, "id": 37848230, "price": "0.00344000", "isBuyerMaker": true, "qty": "18.56000000", "time": 1551805266334}, "124": {"isBestMatch": true, "id": 37848231, "price": "0.00344010", "isBuyerMaker": false, "qty": "0.84000000", "time": 1551805268893}, "125": {"isBestMatch": true, "id": 37848232, "price": "0.00344050", "isBuyerMaker": false, "qty": "24.28000000", "time": 1551805268893}, "126": {"isBestMatch": true, "id": 37848233, "price": "0.00344050", "isBuyerMaker": false, "qty": "7.89000000", "time": 1551805268893}, "127": {"isBestMatch": true, "id": 37848234, "price": "0.00344050", "isBuyerMaker": false, "qty": "27.96000000", "time": 1551805268893}, "128": {"isBestMatch": true, "id": 37848235, "price": "0.00344000", "isBuyerMaker": true, "qty": "0.77000000", "time": 1551805269017}, "129": {"isBestMatch": true, "id": 37848236, "price": "0.00344060", "isBuyerMaker": false, "qty": "0.30000000", "time": 1551805272774}, "130": {"isBestMatch": true, "id": 37848237, "price": "0.00344060", "isBuyerMaker": false, "qty": "0.30000000", "time": 1551805272774}, "131": {"isBestMatch": true, "id": 37848238, "price": "0.00344060", "isBuyerMaker": false, "qty": "0.30000000", "time": 1551805272774}, "132": {"isBestMatch": true, "id": 37848239, "price": "0.00344060", "isBuyerMaker": false, "qty": "0.30000000", "time": 1551805272774}, "133": {"isBestMatch": true, "id": 37848240, "price": "0.00344060", "isBuyerMaker": false, "qty": "0.25000000", "time": 1551805272774}, "134": {"isBestMatch": true, "id": 37848241, "price": "0.00344080", "isBuyerMaker": false, "qty": "1.00000000", "time": 1551805272774}, "135": {"isBestMatch": true, "id": 37848242, "price": "0.00344100", "isBuyerMaker": false, "qty": "3.52000000", "time": 1551805272774}, "136": {"isBestMatch": true, "id": 37848243, "price": "0.00344110", "isBuyerMaker": false, "qty": "3.36000000", "time": 1551805272774}, "137": {"isBestMatch": true, "id": 37848244, "price": "0.00344110", "isBuyerMaker": false, "qty": "1.00000000", "time": 1551805272774}, "138": {"isBestMatch": true, "id": 37848245, "price": "0.00344160", "isBuyerMaker": false, "qty": "25.67000000", "time": 1551805272774}, "139": {"isBestMatch": true, "id": 37848246, "price": "0.00344180", "isBuyerMaker": false, "qty": "11.27000000", "time": 1551805272774}, "140": {"isBestMatch": true, "id": 37848247, "price": "0.00344060", "isBuyerMaker": true, "qty": "0.30000000", "time": 1551805276952}, "141": {"isBestMatch": true, "id": 37848248, "price": "0.00344050", "isBuyerMaker": true, "qty": "64.45000000", "time": 1551805276952}, "142": {"isBestMatch": true, "id": 37848249, "price": "0.00344010", "isBuyerMaker": true, "qty": "48.61000000", "time": 1551805276952}, "143": {"isBestMatch": true, "id": 37848250, "price": "0.00344180", "isBuyerMaker": false, "qty": "4.70000000", "time": 1551805277268}, "144": {"isBestMatch": true, "id": 37848251, "price": "0.00344190", "isBuyerMaker": false, "qty": "0.30000000", "time": 1551805277268}, "145": {"isBestMatch": true, "id": 37848252, "price": "0.00344200", "isBuyerMaker": false, "qty": "0.40000000", "time": 1551805277268}, "146": {"isBestMatch": true, "id": 37848253, "price": "0.00344200", "isBuyerMaker": false, "qty": "0.40000000", "time": 1551805277268}, "147": {"isBestMatch": true, "id": 37848254, "price": "0.00344200", "isBuyerMaker": false, "qty": "9.93000000", "time": 1551805277268}, "148": {"isBestMatch": true, "id": 37848255, "price": "0.00344180", "isBuyerMaker": true, "qty": "2.33000000", "time": 1551805280117}, "149": {"isBestMatch": true, "id": 37848256, "price": "0.00344180", "isBuyerMaker": true, "qty": "4.06000000", "time": 1551805280344}, "150": {"isBestMatch": true, "id": 37848257, "price": "0.00344180", "isBuyerMaker": true, "qty": "10.07000000", "time": 1551805280344}, "151": {"isBestMatch": true, "id": 37848258, "price": "0.00344180", "isBuyerMaker": true, "qty": "22.14000000", "time": 1551805280668}, "152": {"isBestMatch": true, "id": 37848259, "price": "0.00344180", "isBuyerMaker": true, "qty": "0.30000000", "time": 1551805280668}, "153": {"isBestMatch": true, "id": 37848260, "price": "0.00344020", "isBuyerMaker": true, "qty": "8.88000000", "time": 1551805281155}, "154": {"isBestMatch": true, "id": 37848261, "price": "0.00344020", "isBuyerMaker": true, "qty": "3.90000000", "time": 1551805281160}, "155": {"isBestMatch": true, "id": 37848262, "price": "0.00344010", "isBuyerMaker": true, "qty": "7.10000000", "time": 1551805281160}, "156": {"isBestMatch": true, "id": 37848263, "price": "0.00344020", "isBuyerMaker": true, "qty": "12.78000000", "time": 1551805281259}, "157": {"isBestMatch": true, "id": 37848264, "price": "0.00344010", "isBuyerMaker": true, "qty": "16.90000000", "time": 1551805281331}, "158": {"isBestMatch": true, "id": 37848265, "price": "0.00344010", "isBuyerMaker": true, "qty": "16.90000000", "time": 1551805281428}, "159": {"isBestMatch": true, "id": 37848266, "price": "0.00344180", "isBuyerMaker": false, "qty": "0.30000000", "time": 1551805281528}, "160": {"isBestMatch": true, "id": 37848267, "price": "0.00344010", "isBuyerMaker": true, "qty": "4.21000000", "time": 1551805281528}, "161": {"isBestMatch": true, "id": 37848268, "price": "0.00344010", "isBuyerMaker": true, "qty": "12.69000000", "time": 1551805281528}, "162": {"isBestMatch": true, "id": 37848269, "price": "0.00344180", "isBuyerMaker": false, "qty": "2.91000000", "time": 1551805281595}, "163": {"isBestMatch": true, "id": 37848270, "price": "0.00344010", "isBuyerMaker": true, "qty": "16.90000000", "time": 1551805281631}, "164": {"isBestMatch": true, "id": 37848271, "price": "0.00344010", "isBuyerMaker": true, "qty": "33.19000000", "time": 1551805281654}, "165": {"isBestMatch": true, "id": 37848272, "price": "0.00344000", "isBuyerMaker": true, "qty": "2.19000000", "time": 1551805281654}, "166": {"isBestMatch": true, "id": 37848273, "price": "0.00344000", "isBuyerMaker": true, "qty": "35.38000000", "time": 1551805281688}, "167": {"isBestMatch": true, "id": 37848274, "price": "0.00344010", "isBuyerMaker": true, "qty": "12.78000000", "time": 1551805281745}, "168": {"isBestMatch": true, "id": 37848275, "price": "0.00344060", "isBuyerMaker": true, "qty": "0.35000000", "time": 1551805281903}, "169": {"isBestMatch": true, "id": 37848276, "price": "0.00344000", "isBuyerMaker": true, "qty": "13.07000000", "time": 1551805281964}, "170": {"isBestMatch": true, "id": 37848277, "price": "0.00344000", "isBuyerMaker": true, "qty": "13.07000000", "time": 1551805282097}, "171": {"isBestMatch": true, "id": 37848278, "price": "0.00344000", "isBuyerMaker": true, "qty": "13.07000000", "time": 1551805282185}, "172": {"isBestMatch": true, "id": 37848279, "price": "0.00344000", "isBuyerMaker": true, "qty": "13.07000000", "time": 1551805282343}, "173": {"isBestMatch": true, "id": 37848280, "price": "0.00344000", "isBuyerMaker": true, "qty": "13.07000000", "time": 1551805283066}, "174": {"isBestMatch": true, "id": 37848281, "price": "0.00344000", "isBuyerMaker": true, "qty": "13.07000000", "time": 1551805283135}, "175": {"isBestMatch": true, "id": 37848282, "price": "0.00344000", "isBuyerMaker": true, "qty": "16.90000000", "time": 1551805283291}, "176": {"isBestMatch": true, "id": 37848283, "price": "0.00344170", "isBuyerMaker": false, "qty": "2.87000000", "time": 1551805283306}, "177": {"isBestMatch": true, "id": 37848284, "price": "0.00344000", "isBuyerMaker": true, "qty": "16.90000000", "time": 1551805283314}, "178": {"isBestMatch": true, "id": 37848285, "price": "0.00344000", "isBuyerMaker": true, "qty": "16.32000000", "time": 1551805283349}, "179": {"isBestMatch": true, "id": 37848286, "price": "0.00344160", "isBuyerMaker": false, "qty": "29.96000000", "time": 1551805284485}, "180": {"isBestMatch": true, "id": 37848287, "price": "0.00344170", "isBuyerMaker": false, "qty": "12.11000000", "time": 1551805284485}, "181": {"isBestMatch": true, "id": 37848288, "price": "0.00344180", "isBuyerMaker": false, "qty": "9.58000000", "time": 1551805284485}, "182": {"isBestMatch": true, "id": 37848289, "price": "0.00344200", "isBuyerMaker": false, "qty": "2.07000000", "time": 1551805284485}, "183": {"isBestMatch": true, "id": 37848290, "price": "0.00344260", "isBuyerMaker": false, "qty": "3.14000000", "time": 1551805284485}, "184": {"isBestMatch": true, "id": 37848291, "price": "0.00344180", "isBuyerMaker": true, "qty": "42.97000000", "time": 1551805286404}, "185": {"isBestMatch": true, "id": 37848292, "price": "0.00344180", "isBuyerMaker": true, "qty": "300.00000000", "time": 1551805286426}, "186": {"isBestMatch": true, "id": 37848293, "price": "0.00344230", "isBuyerMaker": false, "qty": "2.85000000", "time": 1551805286962}, "187": {"isBestMatch": true, "id": 37848294, "price": "0.00344180", "isBuyerMaker": true, "qty": "12.47000000", "time": 1551805287927}, "188": {"isBestMatch": true, "id": 37848295, "price": "0.00344180", "isBuyerMaker": true, "qty": "225.61000000", "time": 1551805288165}, "189": {"isBestMatch": true, "id": 37848296, "price": "0.00344220", "isBuyerMaker": false, "qty": "2.83000000", "time": 1551805290381}, "190": {"isBestMatch": true, "id": 37848297, "price": "0.00344050", "isBuyerMaker": true, "qty": "12.78000000", "time": 1551805292129}, "191": {"isBestMatch": true, "id": 37848298, "price": "0.00344050", "isBuyerMaker": true, "qty": "16.76000000", "time": 1551805292129}, "192": {"isBestMatch": true, "id": 37848299, "price": "0.00344040", "isBuyerMaker": true, "qty": "75.15000000", "time": 1551805292129}, "193": {"isBestMatch": true, "id": 37848300, "price": "0.00344010", "isBuyerMaker": true, "qty": "32.98000000", "time": 1551805292129}, "194": {"isBestMatch": true, "id": 37848301, "price": "0.00344010", "isBuyerMaker": true, "qty": "9.18000000", "time": 1551805292672}, "195": {"isBestMatch": true, "id": 37848302, "price": "0.00344010", "isBuyerMaker": true, "qty": "30.50000000", "time": 1551805292695}, "196": {"isBestMatch": true, "id": 37848303, "price": "0.00344010", "isBuyerMaker": true, "qty": "12.56000000", "time": 1551805292695}, "197": {"isBestMatch": true, "id": 37848304, "price": "0.00344010", "isBuyerMaker": true, "qty": "94.74000000", "time": 1551805292716}, "198": {"isBestMatch": true, "id": 37848305, "price": "0.00344000", "isBuyerMaker": true, "qty": "328.05000000", "time": 1551805292716}, "199": {"isBestMatch": true, "id": 37848306, "price": "0.00344000", "isBuyerMaker": true, "qty": "307.39000000", "time": 1551805292738}, "200": {"isBestMatch": true, "id": 37848307, "price": "0.00344000", "isBuyerMaker": true, "qty": "144.80000000", "time": 1551805292757}, "201": {"isBestMatch": true, "id": 37848308, "price": "0.00344000", "isBuyerMaker": true, "qty": "276.45000000", "time": 1551805292774}, "202": {"isBestMatch": true, "id": 37848309, "price": "0.00344050", "isBuyerMaker": false, "qty": "6.31000000", "time": 1551805293479}, "203": {"isBestMatch": true, "id": 37848310, "price": "0.00344170", "isBuyerMaker": false, "qty": "0.52000000", "time": 1551805294152}, "204": {"isBestMatch": true, "id": 37848311, "price": "0.00344160", "isBuyerMaker": false, "qty": "1.77000000", "time": 1551805295247}, "205": {"isBestMatch": true, "id": 37848312, "price": "0.00344160", "isBuyerMaker": false, "qty": "17.49000000", "time": 1551805296820}, "206": {"isBestMatch": true, "id": 37848313, "price": "0.00344170", "isBuyerMaker": false, "qty": "13.03000000", "time": 1551805296820}, "207": {"isBestMatch": true, "id": 37848314, "price": "0.00344060", "isBuyerMaker": true, "qty": "26.71000000", "time": 1551805297013}, "208": {"isBestMatch": true, "id": 37848315, "price": "0.00344160", "isBuyerMaker": false, "qty": "2.37000000", "time": 1551805297338}, "209": {"isBestMatch": true, "id": 37848316, "price": "0.00344160", "isBuyerMaker": false, "qty": "11.81000000", "time": 1551805298522}, "210": {"isBestMatch": true, "id": 37848317, "price": "0.00344160", "isBuyerMaker": false, "qty": "0.80000000", "time": 1551805299331}, "211": {"isBestMatch": true, "id": 37848318, "price": "0.00344160", "isBuyerMaker": true, "qty": "22.09000000", "time": 1551805300292}, "212": {"isBestMatch": true, "id": 37848319, "price": "0.00344160", "isBuyerMaker": true, "qty": "0.30000000", "time": 1551805301143}, "213": {"isBestMatch": true, "id": 37848320, "price": "0.00344170", "isBuyerMaker": false, "qty": "1.75000000", "time": 1551805302530}, "214": {"isBestMatch": true, "id": 37848321, "price": "0.00344080", "isBuyerMaker": true, "qty": "7.40000000", "time": 1551805305134}, "215": {"isBestMatch": true, "id": 37848322, "price": "0.00344150", "isBuyerMaker": false, "qty": "1.75000000", "time": 1551805306029}, "216": {"isBestMatch": true, "id": 37848323, "price": "0.00344140", "isBuyerMaker": false, "qty": "1.74000000", "time": 1551805306351}, "217": {"isBestMatch": true, "id": 37848324, "price": "0.00344090", "isBuyerMaker": true, "qty": "17.34000000", "time": 1551805306362}, "218": {"isBestMatch": true, "id": 37848325, "price": "0.00344140", "isBuyerMaker": false, "qty": "2.62000000", "time": 1551805307880}, "219": {"isBestMatch": true, "id": 37848326, "price": "0.00344140", "isBuyerMaker": false, "qty": "21.64000000", "time": 1551805308339}, "220": {"isBestMatch": true, "id": 37848327, "price": "0.00344140", "isBuyerMaker": false, "qty": "1.73000000", "time": 1551805309522}, "221": {"isBestMatch": true, "id": 37848328, "price": "0.00344140", "isBuyerMaker": false, "qty": "1.21000000", "time": 1551805312120}, "222": {"isBestMatch": true, "id": 37848329, "price": "0.00344090", "isBuyerMaker": true, "qty": "9.49000000", "time": 1551805312669}, "223": {"isBestMatch": true, "id": 37848330, "price": "0.00344090", "isBuyerMaker": true, "qty": "2.23000000", "time": 1551805312730}, "224": {"isBestMatch": true, "id": 37848331, "price": "0.00344080", "isBuyerMaker": true, "qty": "2.08000000", "time": 1551805312730}, "225": {"isBestMatch": true, "id": 37848332, "price": "0.00344070", "isBuyerMaker": true, "qty": "21.55000000", "time": 1551805312730}, "226": {"isBestMatch": true, "id": 37848333, "price": "0.00344140", "isBuyerMaker": false, "qty": "1.44000000", "time": 1551805312887}, "227": {"isBestMatch": true, "id": 37848334, "price": "0.00344180", "isBuyerMaker": false, "qty": "22.70000000", "time": 1551805315225}, "228": {"isBestMatch": true, "id": 37848335, "price": "0.00344200", "isBuyerMaker": false, "qty": "9.89000000", "time": 1551805315225}, "229": {"isBestMatch": true, "id": 37848336, "price": "0.00344210", "isBuyerMaker": false, "qty": "2.78000000", "time": 1551805315225}, "230": {"isBestMatch": true, "id": 37848337, "price": "0.00344260", "isBuyerMaker": false, "qty": "54.09000000", "time": 1551805315225}, "231": {"isBestMatch": true, "id": 37848338, "price": "0.00344290", "isBuyerMaker": true, "qty": "53.26000000", "time": 1551805315225}, "232": {"isBestMatch": true, "id": 37848339, "price": "0.00344200", "isBuyerMaker": false, "qty": "4.30000000", "time": 1551805317546}, "233": {"isBestMatch": true, "id": 37848340, "price": "0.00344140", "isBuyerMaker": true, "qty": "0.79000000", "time": 1551805321464}, "234": {"isBestMatch": true, "id": 37848341, "price": "0.00344140", "isBuyerMaker": true, "qty": "18.86000000", "time": 1551805321464}, "235": {"isBestMatch": true, "id": 37848342, "price": "0.00344070", "isBuyerMaker": true, "qty": "11.00000000", "time": 1551805322324}, "236": {"isBestMatch": true, "id": 37848343, "price": "0.00344070", "isBuyerMaker": true, "qty": "11.00000000", "time": 1551805322406}, "237": {"isBestMatch": true, "id": 37848344, "price": "0.00344070", "isBuyerMaker": true, "qty": "2.92000000", "time": 1551805322431}, "238": {"isBestMatch": true, "id": 37848345, "price": "0.00344060", "isBuyerMaker": true, "qty": "6.40000000", "time": 1551805322431}, "239": {"isBestMatch": true, "id": 37848346, "price": "0.00344020", "isBuyerMaker": false, "qty": "2.92000000", "time": 1551805322892}, "240": {"isBestMatch": true, "id": 37848347, "price": "0.00344130", "isBuyerMaker": false, "qty": "11.00000000", "time": 1551805322892}, "241": {"isBestMatch": true, "id": 37848348, "price": "0.00344140", "isBuyerMaker": false, "qty": "22.29000000", "time": 1551805322892}, "242": {"isBestMatch": true, "id": 37848349, "price": "0.00344200", "isBuyerMaker": false, "qty": "14.98000000", "time": 1551805322892}, "243": {"isBestMatch": true, "id": 37848350, "price": "0.00344200", "isBuyerMaker": false, "qty": "14.98000000", "time": 1551805322892}, "244": {"isBestMatch": true, "id": 37848351, "price": "0.00344200", "isBuyerMaker": true, "qty": "1.00000000", "time": 1551805324344}, "245": {"isBestMatch": true, "id": 37848352, "price": "0.00344210", "isBuyerMaker": false, "qty": "1.16000000", "time": 1551805324498}, "246": {"isBestMatch": true, "id": 37848353, "price": "0.00344200", "isBuyerMaker": true, "qty": "47.49000000", "time": 1551805325144}, "247": {"isBestMatch": true, "id": 37848354, "price": "0.00344210", "isBuyerMaker": false, "qty": "13.65000000", "time": 1551805325187}, "248": {"isBestMatch": true, "id": 37848355, "price": "0.00344210", "isBuyerMaker": false, "qty": "0.30000000", "time": 1551805325258}, "249": {"isBestMatch": true, "id": 37848356, "price": "0.00344210", "isBuyerMaker": false, "qty": "0.30000000", "time": 1551805326105}, "250": {"isBestMatch": true, "id": 37848357, "price": "0.00344210", "isBuyerMaker": false, "qty": "0.30000000", "time": 1551805326105}, "251": {"isBestMatch": true, "id": 37848358, "price": "0.00344210", "isBuyerMaker": false, "qty": "1.70000000", "time": 1551805326244}, "252": {"isBestMatch": true, "id": 37848359, "price": "0.00344210", "isBuyerMaker": false, "qty": "0.30000000", "time": 1551805326328}, "253": {"isBestMatch": true, "id": 37848360, "price": "0.00344210", "isBuyerMaker": false, "qty": "13.81000000", "time": 1551805326531}, "254": {"isBestMatch": true, "id": 37848361, "price": "0.00344200", "isBuyerMaker": true, "qty": "187.12000000", "time": 1551805327859}, "255": {"isBestMatch": true, "id": 37848362, "price": "0.00344200", "isBuyerMaker": false, "qty": "0.05000000", "time": 1551805327948}, "256": {"isBestMatch": true, "id": 37848363, "price": "0.00344200", "isBuyerMaker": false, "qty": "13.02000000", "time": 1551805328565}, "257": {"isBestMatch": true, "id": 37848364, "price": "0.00344200", "isBuyerMaker": false, "qty": "5.00000000", "time": 1551805329915}, "258": {"isBestMatch": true, "id": 37848365, "price": "0.00344200", "isBuyerMaker": false, "qty": "0.95000000", "time": 1551805330047}, "259": {"isBestMatch": true, "id": 37848366, "price": "0.00344210", "isBuyerMaker": false, "qty": "20.82000000", "time": 1551805330047}, "260": {"isBestMatch": true, "id": 37848367, "price": "0.00344210", "isBuyerMaker": false, "qty": "1.00000000", "time": 1551805331383}, "261": {"isBestMatch": true, "id": 37848368, "price": "0.00344210", "isBuyerMaker": false, "qty": "1.69000000", "time": 1551805332849}, "262": {"isBestMatch": true, "id": 37848369, "price": "0.00344210", "isBuyerMaker": false, "qty": "25.74000000", "time": 1551805335737}, "263": {"isBestMatch": true, "id": 37848370, "price": "0.00344210", "isBuyerMaker": false, "qty": "0.33000000", "time": 1551805338936}, "264": {"isBestMatch": true, "id": 37848371, "price": "0.00344210", "isBuyerMaker": false, "qty": "1.68000000", "time": 1551805340090}, "265": {"isBestMatch": true, "id": 37848372, "price": "0.00344200", "isBuyerMaker": false, "qty": "2.76000000", "time": 1551805341526}, "266": {"isBestMatch": true, "id": 37848373, "price": "0.00344200", "isBuyerMaker": false, "qty": "6.25000000", "time": 1551805342774}, "267": {"isBestMatch": true, "id": 37848374, "price": "0.00344200", "isBuyerMaker": false, "qty": "14.13000000", "time": 1551805342851}, "268": {"isBestMatch": true, "id": 37848375, "price": "0.00344200", "isBuyerMaker": false, "qty": "0.52000000", "time": 1551805343427}, "269": {"isBestMatch": true, "id": 37848376, "price": "0.00344140", "isBuyerMaker": true, "qty": "2.24000000", "time": 1551805343747}, "270": {"isBestMatch": true, "id": 37848377, "price": "0.00344080", "isBuyerMaker": true, "qty": "0.05000000", "time": 1551805343747}, "271": {"isBestMatch": true, "id": 37848378, "price": "0.00344200", "isBuyerMaker": false, "qty": "65.15000000", "time": 1551805345104}, "272": {"isBestMatch": true, "id": 37848379, "price": "0.00344210", "isBuyerMaker": false, "qty": "23.89000000", "time": 1551805345104}, "273": {"isBestMatch": true, "id": 37848380, "price": "0.00344200", "isBuyerMaker": false, "qty": "65.32000000", "time": 1551805347533}, "274": {"isBestMatch": true, "id": 37848381, "price": "0.00344210", "isBuyerMaker": false, "qty": "115.54000000", "time": 1551805347533}, "275": {"isBestMatch": true, "id": 37848382, "price": "0.00344210", "isBuyerMaker": false, "qty": "205.99000000", "time": 1551805347533}, "276": {"isBestMatch": true, "id": 37848383, "price": "0.00344300", "isBuyerMaker": false, "qty": "1.00000000", "time": 1551805347533}, "277": {"isBestMatch": true, "id": 37848384, "price": "0.00344300", "isBuyerMaker": false, "qty": "74.15000000", "time": 1551805347533}, "278": {"isBestMatch": true, "id": 37848385, "price": "0.00344300", "isBuyerMaker": false, "qty": "21.45000000", "time": 1551805347533}, "279": {"isBestMatch": true, "id": 37848386, "price": "0.00344310", "isBuyerMaker": false, "qty": "10.50000000", "time": 1551805347533}, "280": {"isBestMatch": true, "id": 37848387, "price": "0.00344310", "isBuyerMaker": false, "qty": "28.08000000", "time": 1551805347533}, "281": {"isBestMatch": true, "id": 37848388, "price": "0.00344320", "isBuyerMaker": false, "qty": "0.30000000", "time": 1551805347533}, "282": {"isBestMatch": true, "id": 37848389, "price": "0.00344330", "isBuyerMaker": false, "qty": "1.00000000", "time": 1551805347533}, "283": {"isBestMatch": true, "id": 37848390, "price": "0.00344300", "isBuyerMaker": true, "qty": "48.37000000", "time": 1551805347625}, "284": {"isBestMatch": true, "id": 37848391, "price": "0.00344300", "isBuyerMaker": true, "qty": "27.19000000", "time": 1551805348361}, "285": {"isBestMatch": true, "id": 37848392, "price": "0.00344300", "isBuyerMaker": true, "qty": "3.75000000", "time": 1551805349812}, "286": {"isBestMatch": true, "id": 37848393, "price": "0.00344300", "isBuyerMaker": true, "qty": "4.63000000", "time": 1551805350705}, "287": {"isBestMatch": true, "id": 37848394, "price": "0.00344300", "isBuyerMaker": true, "qty": "35.07000000", "time": 1551805351196}, "288": {"isBestMatch": true, "id": 37848395, "price": "0.00344340", "isBuyerMaker": false, "qty": "2.19000000", "time": 1551805351676}, "289": {"isBestMatch": true, "id": 37848396, "price": "0.00344340", "isBuyerMaker": false, "qty": "1.00000000", "time": 1551805351905}, "290": {"isBestMatch": true, "id": 37848397, "price": "0.00344340", "isBuyerMaker": false, "qty": "2.31000000", "time": 1551805353035}, "291": {"isBestMatch": true, "id": 37848398, "price": "0.00344350", "isBuyerMaker": false, "qty": "0.61000000", "time": 1551805353035}, "292": {"isBestMatch": true, "id": 37848399, "price": "0.00344350", "isBuyerMaker": false, "qty": "2.31000000", "time": 1551805353257}, "293": {"isBestMatch": true, "id": 37848400, "price": "0.00344410", "isBuyerMaker": false, "qty": "1.65000000", "time": 1551805353257}, "294": {"isBestMatch": true, "id": 37848401, "price": "0.00344410", "isBuyerMaker": false, "qty": "0.97000000", "time": 1551805355683}, "295": {"isBestMatch": true, "id": 37848402, "price": "0.00344410", "isBuyerMaker": false, "qty": "0.34000000", "time": 1551805355683}, "296": {"isBestMatch": true, "id": 37848403, "price": "0.00344410", "isBuyerMaker": false, "qty": "5.48000000", "time": 1551805355993}, "297": {"isBestMatch": true, "id": 37848404, "price": "0.00344420", "isBuyerMaker": false, "qty": "6.04000000", "time": 1551805357998}, "298": {"isBestMatch": true, "id": 37848405, "price": "0.00344420", "isBuyerMaker": false, "qty": "0.30000000", "time": 1551805361584}, "299": {"isBestMatch": true, "id": 37848406, "price": "0.00344420", "isBuyerMaker": false, "qty": "2.71000000", "time": 1551805362061}, "300": {"isBestMatch": true, "id": 37848407, "price": "0.00344420", "isBuyerMaker": false, "qty": "36.77000000", "time": 1551805363744}, "301": {"isBestMatch": true, "id": 37848408, "price": "0.00344420", "isBuyerMaker": false, "qty": "4.36000000", "time": 1551805363744}, "302": {"isBestMatch": true, "id": 37848409, "price": "0.00344420", "isBuyerMaker": false, "qty": "2.05000000", "time": 1551805363744}, "303": {"isBestMatch": true, "id": 37848410, "price": "0.00344440", "isBuyerMaker": false, "qty": "0.36000000", "time": 1551805363744}, "304": {"isBestMatch": true, "id": 37848411, "price": "0.00344500", "isBuyerMaker": false, "qty": "10.00000000", "time": 1551805363744}, "305": {"isBestMatch": true, "id": 37848412, "price": "0.00344500", "isBuyerMaker": false, "qty": "216.58000000", "time": 1551805363744}, "306": {"isBestMatch": true, "id": 37848413, "price": "0.00344500", "isBuyerMaker": false, "qty": "5.25000000", "time": 1551805363744}, "307": {"isBestMatch": true, "id": 37848414, "price": "0.00344500", "isBuyerMaker": false, "qty": "337.67000000", "time": 1551805363744}, "308": {"isBestMatch": true, "id": 37848415, "price": "0.00344500", "isBuyerMaker": false, "qty": "0.41000000", "time": 1551805364061}, "309": {"isBestMatch": true, "id": 37848416, "price": "0.00344410", "isBuyerMaker": true, "qty": "17.78000000", "time": 1551805364230}, "310": {"isBestMatch": true, "id": 37848417, "price": "0.00344340", "isBuyerMaker": false, "qty": "10.76000000", "time": 1551805366040}, "311": {"isBestMatch": true, "id": 37848418, "price": "0.00344330", "isBuyerMaker": true, "qty": "1.45000000", "time": 1551805368779}, "312": {"isBestMatch": true, "id": 37848419, "price": "0.00344490", "isBuyerMaker": false, "qty": "1.00000000", "time": 1551805369540}, "313": {"isBestMatch": true, "id": 37848420, "price": "0.00344490", "isBuyerMaker": false, "qty": "0.47000000", "time": 1551805371348}, "314": {"isBestMatch": true, "id": 37848421, "price": "0.00344330", "isBuyerMaker": true, "qty": "6.51000000", "time": 1551805373483}, "315": {"isBestMatch": true, "id": 37848422, "price": "0.00344410", "isBuyerMaker": false, "qty": "2.70000000", "time": 1551805374427}, "316": {"isBestMatch": true, "id": 37848423, "price": "0.00344410", "isBuyerMaker": false, "qty": "0.59000000", "time": 1551805375902}, "317": {"isBestMatch": true, "id": 37848424, "price": "0.00344410", "isBuyerMaker": false, "qty": "2.68000000", "time": 1551805378916}, "318": {"isBestMatch": true, "id": 37848425, "price": "0.00344410", "isBuyerMaker": false, "qty": "21.17000000", "time": 1551805382042}, "319": {"isBestMatch": true, "id": 37848426, "price": "0.00344330", "isBuyerMaker": true, "qty": "4.81000000", "time": 1551805382740}, "320": {"isBestMatch": true, "id": 37848427, "price": "0.00344330", "isBuyerMaker": true, "qty": "1.00000000", "time": 1551805382740}, "321": {"isBestMatch": true, "id": 37848428, "price": "0.00344320", "isBuyerMaker": true, "qty": "7.26000000", "time": 1551805382740}, "322": {"isBestMatch": true, "id": 37848429, "price": "0.00344320", "isBuyerMaker": true, "qty": "61.16000000", "time": 1551805382794}, "323": {"isBestMatch": true, "id": 37848430, "price": "0.00344480", "isBuyerMaker": false, "qty": "17.29000000", "time": 1551805383119}, "324": {"isBestMatch": true, "id": 37848431, "price": "0.00344490", "isBuyerMaker": false, "qty": "11.32000000", "time": 1551805383119}, "325": {"isBestMatch": true, "id": 37848432, "price": "0.00344500", "isBuyerMaker": false, "qty": "71.39000000", "time": 1551805383119}, "326": {"isBestMatch": true, "id": 37848433, "price": "0.00344320", "isBuyerMaker": true, "qty": "2.75000000", "time": 1551805383151}, "327": {"isBestMatch": true, "id": 37848434, "price": "0.00344300", "isBuyerMaker": true, "qty": "0.09000000", "time": 1551805383151}, "328": {"isBestMatch": true, "id": 37848435, "price": "0.00344330", "isBuyerMaker": true, "qty": "11.53000000", "time": 1551805384339}, "329": {"isBestMatch": true, "id": 37848436, "price": "0.00344330", "isBuyerMaker": true, "qty": "1.82000000", "time": 1551805384471}, "330": {"isBestMatch": true, "id": 37848437, "price": "0.00344330", "isBuyerMaker": true, "qty": "4.70000000", "time": 1551805386459}, "331": {"isBestMatch": true, "id": 37848438, "price": "0.00344330", "isBuyerMaker": true, "qty": "0.63000000", "time": 1551805386538}, "332": {"isBestMatch": true, "id": 37848439, "price": "0.00344490", "isBuyerMaker": false, "qty": "1.00000000", "time": 1551805387703}, "333": {"isBestMatch": true, "id": 37848440, "price": "0.00344490", "isBuyerMaker": false, "qty": "0.30000000", "time": 1551805391131}, "334": {"isBestMatch": true, "id": 37848441, "price": "0.00344490", "isBuyerMaker": false, "qty": "2.03000000", "time": 1551805391140}, "335": {"isBestMatch": true, "id": 37848442, "price": "0.00344410", "isBuyerMaker": false, "qty": "2.91000000", "time": 1551805395066}, "336": {"isBestMatch": true, "id": 37848443, "price": "0.00344410", "isBuyerMaker": false, "qty": "0.13000000", "time": 1551805395250}, "337": {"isBestMatch": true, "id": 37848444, "price": "0.00344490", "isBuyerMaker": false, "qty": "1.89000000", "time": 1551805395250}, "338": {"isBestMatch": true, "id": 37848445, "price": "0.00344490", "isBuyerMaker": false, "qty": "2.02000000", "time": 1551805397603}, "339": {"isBestMatch": true, "id": 37848446, "price": "0.00344490", "isBuyerMaker": false, "qty": "1.99000000", "time": 1551805401946}, "340": {"isBestMatch": true, "id": 37848447, "price": "0.00344340", "isBuyerMaker": true, "qty": "29.81000000", "time": 1551805402141}, "341": {"isBestMatch": true, "id": 37848448, "price": "0.00344330", "isBuyerMaker": true, "qty": "196.87000000", "time": 1551805402141}, "342": {"isBestMatch": true, "id": 37848449, "price": "0.00344480", "isBuyerMaker": false, "qty": "7.75000000", "time": 1551805403103}, "343": {"isBestMatch": true, "id": 37848450, "price": "0.00344480", "isBuyerMaker": false, "qty": "1.93000000", "time": 1551805403251}, "344": {"isBestMatch": true, "id": 37848451, "price": "0.00344490", "isBuyerMaker": false, "qty": "3.54000000", "time": 1551805403251}, "345": {"isBestMatch": true, "id": 37848452, "price": "0.00344490", "isBuyerMaker": true, "qty": "59.21000000", "time": 1551805403784}, "346": {"isBestMatch": true, "id": 37848453, "price": "0.00344500", "isBuyerMaker": false, "qty": "19.23000000", "time": 1551805405140}, "347": {"isBestMatch": true, "id": 37848454, "price": "0.00344500", "isBuyerMaker": false, "qty": "1.98000000", "time": 1551805405941}, "348": {"isBestMatch": true, "id": 37848455, "price": "0.00344490", "isBuyerMaker": true, "qty": "0.32000000", "time": 1551805406809}, "349": {"isBestMatch": true, "id": 37848456, "price": "0.00344500", "isBuyerMaker": false, "qty": "22.00000000", "time": 1551805406875}, "350": {"isBestMatch": true, "id": 37848457, "price": "0.00344500", "isBuyerMaker": false, "qty": "1.96000000", "time": 1551805410560}, "351": {"isBestMatch": true, "id": 37848458, "price": "0.00344500", "isBuyerMaker": false, "qty": "1.60000000", "time": 1551805410880}, "352": {"isBestMatch": true, "id": 37848459, "price": "0.00344500", "isBuyerMaker": false, "qty": "65.20000000", "time": 1551805411733}, "353": {"isBestMatch": true, "id": 37848460, "price": "0.00344490", "isBuyerMaker": true, "qty": "1.55000000", "time": 1551805411791}, "354": {"isBestMatch": true, "id": 37848461, "price": "0.00344500", "isBuyerMaker": false, "qty": "14.29000000", "time": 1551805412897}, "355": {"isBestMatch": true, "id": 37848462, "price": "0.00344500", "isBuyerMaker": false, "qty": "44.88000000", "time": 1551805413706}, "356": {"isBestMatch": true, "id": 37848463, "price": "0.00344500", "isBuyerMaker": false, "qty": "5.95000000", "time": 1551805413706}, "357": {"isBestMatch": true, "id": 37848464, "price": "0.00344530", "isBuyerMaker": false, "qty": "1.00000000", "time": 1551805413729}, "358": {"isBestMatch": true, "id": 37848465, "price": "0.00344530", "isBuyerMaker": false, "qty": "3.56000000", "time": 1551805413729}, "359": {"isBestMatch": true, "id": 37848466, "price": "0.00344540", "isBuyerMaker": false, "qty": "7.45000000", "time": 1551805413729}, "360": {"isBestMatch": true, "id": 37848467, "price": "0.00344560", "isBuyerMaker": false, "qty": "1.00000000", "time": 1551805416390}, "361": {"isBestMatch": true, "id": 37848468, "price": "0.00344580", "isBuyerMaker": false, "qty": "0.30000000", "time": 1551805416390}, "362": {"isBestMatch": true, "id": 37848469, "price": "0.00344650", "isBuyerMaker": false, "qty": "3.70000000", "time": 1551805416390}, "363": {"isBestMatch": true, "id": 37848470, "price": "0.00344500", "isBuyerMaker": true, "qty": "20.94000000", "time": 1551805416702}, "364": {"isBestMatch": true, "id": 37848471, "price": "0.00344500", "isBuyerMaker": true, "qty": "20.94000000", "time": 1551805416753}, "365": {"isBestMatch": true, "id": 37848472, "price": "0.00344500", "isBuyerMaker": true, "qty": "20.94000000", "time": 1551805416859}, "366": {"isBestMatch": true, "id": 37848473, "price": "0.00344500", "isBuyerMaker": true, "qty": "17.68000000", "time": 1551805416917}, "367": {"isBestMatch": true, "id": 37848474, "price": "0.00344650", "isBuyerMaker": true, "qty": "6.53000000", "time": 1551805418212}, "368": {"isBestMatch": true, "id": 37848475, "price": "0.00344650", "isBuyerMaker": true, "qty": "0.30000000", "time": 1551805419245}, "369": {"isBestMatch": true, "id": 37848476, "price": "0.00344650", "isBuyerMaker": true, "qty": "13.06000000", "time": 1551805419330}, "370": {"isBestMatch": true, "id": 37848477, "price": "0.00344650", "isBuyerMaker": true, "qty": "80.11000000", "time": 1551805420567}, "371": {"isBestMatch": true, "id": 37848478, "price": "0.00344650", "isBuyerMaker": true, "qty": "218.73000000", "time": 1551805420567}, "372": {"isBestMatch": true, "id": 37848479, "price": "0.00344660", "isBuyerMaker": false, "qty": "1.95000000", "time": 1551805423505}, "373": {"isBestMatch": true, "id": 37848480, "price": "0.00344660", "isBuyerMaker": false, "qty": "15.46000000", "time": 1551805424930}, "374": {"isBestMatch": true, "id": 37848481, "price": "0.00344660", "isBuyerMaker": false, "qty": "0.30000000", "time": 1551805424930}, "375": {"isBestMatch": true, "id": 37848482, "price": "0.00344660", "isBuyerMaker": false, "qty": "0.30000000", "time": 1551805424930}, "376": {"isBestMatch": true, "id": 37848483, "price": "0.00344660", "isBuyerMaker": false, "qty": "0.30000000", "time": 1551805424930}, "377": {"isBestMatch": true, "id": 37848484, "price": "0.00344670", "isBuyerMaker": false, "qty": "68.91000000", "time": 1551805424930}, "378": {"isBestMatch": true, "id": 37848485, "price": "0.00344670", "isBuyerMaker": false, "qty": "7.79000000", "time": 1551805424964}, "379": {"isBestMatch": true, "id": 37848486, "price": "0.00344700", "isBuyerMaker": false, "qty": "1.94000000", "time": 1551805428371}, "380": {"isBestMatch": true, "id": 37848487, "price": "0.00344700", "isBuyerMaker": false, "qty": "11.67000000", "time": 1551805428371}, "381": {"isBestMatch": true, "id": 37848488, "price": "0.00344730", "isBuyerMaker": false, "qty": "2.00000000", "time": 1551805428371}, "382": {"isBestMatch": true, "id": 37848489, "price": "0.00344750", "isBuyerMaker": false, "qty": "1.00000000", "time": 1551805428371}, "383": {"isBestMatch": true, "id": 37848490, "price": "0.00344750", "isBuyerMaker": true, "qty": "12.33000000", "time": 1551805428480}, "384": {"isBestMatch": true, "id": 37848491, "price": "0.00344660", "isBuyerMaker": true, "qty": "1.02000000", "time": 1551805428714}, "385": {"isBestMatch": true, "id": 37848492, "price": "0.00344660", "isBuyerMaker": true, "qty": "2.91000000", "time": 1551805428714}, "386": {"isBestMatch": true, "id": 37848493, "price": "0.00344660", "isBuyerMaker": true, "qty": "20.74000000", "time": 1551805428714}, "387": {"isBestMatch": true, "id": 37848494, "price": "0.00344660", "isBuyerMaker": true, "qty": "152.69000000", "time": 1551805430464}, "388": {"isBestMatch": true, "id": 37848495, "price": "0.00344770", "isBuyerMaker": false, "qty": "2.91000000", "time": 1551805436505}, "389": {"isBestMatch": true, "id": 37848496, "price": "0.00344660", "isBuyerMaker": true, "qty": "6.15000000", "time": 1551805436784}, "390": {"isBestMatch": true, "id": 37848497, "price": "0.00344760", "isBuyerMaker": false, "qty": "1.92000000", "time": 1551805436887}, "391": {"isBestMatch": true, "id": 37848498, "price": "0.00344760", "isBuyerMaker": false, "qty": "0.60000000", "time": 1551805437801}, "392": {"isBestMatch": true, "id": 37848499, "price": "0.00344770", "isBuyerMaker": false, "qty": "2.04000000", "time": 1551805437801}, "393": {"isBestMatch": true, "id": 37848500, "price": "0.00344770", "isBuyerMaker": false, "qty": "1.91000000", "time": 1551805440338}, "394": {"isBestMatch": true, "id": 37848501, "price": "0.00344770", "isBuyerMaker": false, "qty": "6.49000000", "time": 1551805443050}, "395": {"isBestMatch": true, "id": 37848502, "price": "0.00344780", "isBuyerMaker": false, "qty": "1.00000000", "time": 1551805443961}, "396": {"isBestMatch": true, "id": 37848503, "price": "0.00344790", "isBuyerMaker": false, "qty": "10.00000000", "time": 1551805443961}, "397": {"isBestMatch": true, "id": 37848504, "price": "0.00344790", "isBuyerMaker": false, "qty": "1.90000000", "time": 1551805445949}, "398": {"isBestMatch": true, "id": 37848505, "price": "0.00344790", "isBuyerMaker": false, "qty": "0.43000000", "time": 1551805446104}, "399": {"isBestMatch": true, "id": 37848506, "price": "0.00344790", "isBuyerMaker": false, "qty": "6.41000000", "time": 1551805447394}, "400": {"isBestMatch": true, "id": 37848507, "price": "0.00344790", "isBuyerMaker": false, "qty": "0.30000000", "time": 1551805447759}, "401": {"isBestMatch": true, "id": 37848508, "price": "0.00344780", "isBuyerMaker": true, "qty": "0.30000000", "time": 1551805450601}, "402": {"isBestMatch": true, "id": 37848509, "price": "0.00344780", "isBuyerMaker": true, "qty": "2.55000000", "time": 1551805450601}, "403": {"isBestMatch": true, "id": 37848510, "price": "0.00344770", "isBuyerMaker": true, "qty": "16.55000000", "time": 1551805450601}, "404": {"isBestMatch": true, "id": 37848511, "price": "0.00344770", "isBuyerMaker": false, "qty": "1.88000000", "time": 1551805452047}, "405": {"isBestMatch": true, "id": 37848512, "price": "0.00344770", "isBuyerMaker": false, "qty": "1.88000000", "time": 1551805452701}, "406": {"isBestMatch": true, "id": 37848513, "price": "0.00344670", "isBuyerMaker": true, "qty": "0.51000000", "time": 1551805454602}, "407": {"isBestMatch": true, "id": 37848514, "price": "0.00344670", "isBuyerMaker": true, "qty": "201.62000000", "time": 1551805455269}, "408": {"isBestMatch": true, "id": 37848515, "price": "0.00344750", "isBuyerMaker": false, "qty": "1.86000000", "time": 1551805456137}, "409": {"isBestMatch": true, "id": 37848516, "price": "0.00344670", "isBuyerMaker": true, "qty": "26.75000000", "time": 1551805456306}, "410": {"isBestMatch": true, "id": 37848517, "price": "0.00344750", "isBuyerMaker": false, "qty": "0.30000000", "time": 1551805456446}, "411": {"isBestMatch": true, "id": 37848518, "price": "0.00344670", "isBuyerMaker": true, "qty": "0.31000000", "time": 1551805457338}, "412": {"isBestMatch": true, "id": 37848519, "price": "0.00344750", "isBuyerMaker": false, "qty": "2.78000000", "time": 1551805457432}, "413": {"isBestMatch": true, "id": 37848520, "price": "0.00344750", "isBuyerMaker": false, "qty": "1.84000000", "time": 1551805461905}, "414": {"isBestMatch": true, "id": 37848521, "price": "0.00344700", "isBuyerMaker": true, "qty": "1.00000000", "time": 1551805462166}, "415": {"isBestMatch": true, "id": 37848522, "price": "0.00344700", "isBuyerMaker": true, "qty": "18.14000000", "time": 1551805463816}, "416": {"isBestMatch": true, "id": 37848523, "price": "0.00344700", "isBuyerMaker": true, "qty": "3.74000000", "time": 1551805463816}, "417": {"isBestMatch": true, "id": 37848524, "price": "0.00344690", "isBuyerMaker": false, "qty": "1.83000000", "time": 1551805466224}, "418": {"isBestMatch": true, "id": 37848525, "price": "0.00344680", "isBuyerMaker": true, "qty": "1.61000000", "time": 1551805467958}, "419": {"isBestMatch": true, "id": 37848526, "price": "0.00344670", "isBuyerMaker": true, "qty": "25.52000000", "time": 1551805468823}, "420": {"isBestMatch": true, "id": 37848527, "price": "0.00344690", "isBuyerMaker": false, "qty": "34.13000000", "time": 1551805470872}, "421": {"isBestMatch": true, "id": 37848528, "price": "0.00344690", "isBuyerMaker": false, "qty": "1.82000000", "time": 1551805471443}, "422": {"isBestMatch": true, "id": 37848529, "price": "0.00344670", "isBuyerMaker": true, "qty": "1.33000000", "time": 1551805471473}, "423": {"isBestMatch": true, "id": 37848530, "price": "0.00344670", "isBuyerMaker": true, "qty": "15.62000000", "time": 1551805471825}, "424": {"isBestMatch": true, "id": 37848531, "price": "0.00344690", "isBuyerMaker": false, "qty": "133.66000000", "time": 1551805472985}, "425": {"isBestMatch": true, "id": 37848532, "price": "0.00344670", "isBuyerMaker": true, "qty": "45.00000000", "time": 1551805473604}, "426": {"isBestMatch": true, "id": 37848533, "price": "0.00344690", "isBuyerMaker": false, "qty": "53.16000000", "time": 1551805474396}, "427": {"isBestMatch": true, "id": 37848534, "price": "0.00344760", "isBuyerMaker": false, "qty": "6.57000000", "time": 1551805474492}, "428": {"isBestMatch": true, "id": 37848535, "price": "0.00344750", "isBuyerMaker": false, "qty": "102.01000000", "time": 1551805478318}, "429": {"isBestMatch": true, "id": 37848536, "price": "0.00344760", "isBuyerMaker": false, "qty": "11.45000000", "time": 1551805478318}, "430": {"isBestMatch": true, "id": 37848537, "price": "0.00344770", "isBuyerMaker": false, "qty": "26.92000000", "time": 1551805478318}, "431": {"isBestMatch": true, "id": 37848538, "price": "0.00344770", "isBuyerMaker": false, "qty": "148.62000000", "time": 1551805478318}, "432": {"isBestMatch": true, "id": 37848539, "price": "0.00344670", "isBuyerMaker": true, "qty": "9.89000000", "time": 1551805478324}, "433": {"isBestMatch": true, "id": 37848540, "price": "0.00344770", "isBuyerMaker": false, "qty": "0.91000000", "time": 1551805478509}, "434": {"isBestMatch": true, "id": 37848541, "price": "0.00344770", "isBuyerMaker": false, "qty": "24.49000000", "time": 1551805479410}, "435": {"isBestMatch": true, "id": 37848542, "price": "0.00344770", "isBuyerMaker": true, "qty": "1.74000000", "time": 1551805480689}, "436": {"isBestMatch": true, "id": 37848543, "price": "0.00344800", "isBuyerMaker": false, "qty": "2.00000000", "time": 1551805480772}, "437": {"isBestMatch": true, "id": 37848544, "price": "0.00344800", "isBuyerMaker": false, "qty": "150.89000000", "time": 1551805480772}, "438": {"isBestMatch": true, "id": 37848545, "price": "0.00344800", "isBuyerMaker": false, "qty": "1.00000000", "time": 1551805480953}, "439": {"isBestMatch": true, "id": 37848546, "price": "0.00344770", "isBuyerMaker": true, "qty": "156.84000000", "time": 1551805482420}, "440": {"isBestMatch": true, "id": 37848547, "price": "0.00344770", "isBuyerMaker": true, "qty": "49.66000000", "time": 1551805482443}, "441": {"isBestMatch": true, "id": 37848548, "price": "0.00344800", "isBuyerMaker": false, "qty": "2.00000000", "time": 1551805482647}, "442": {"isBestMatch": true, "id": 37848549, "price": "0.00344800", "isBuyerMaker": false, "qty": "79.77000000", "time": 1551805483923}, "443": {"isBestMatch": true, "id": 37848550, "price": "0.00344810", "isBuyerMaker": false, "qty": "0.30000000", "time": 1551805488269}, "444": {"isBestMatch": true, "id": 37848551, "price": "0.00344810", "isBuyerMaker": false, "qty": "0.30000000", "time": 1551805489228}, "445": {"isBestMatch": true, "id": 37848552, "price": "0.00344810", "isBuyerMaker": false, "qty": "0.30000000", "time": 1551805490596}, "446": {"isBestMatch": true, "id": 37848553, "price": "0.00344810", "isBuyerMaker": false, "qty": "1.80000000", "time": 1551805490643}, "447": {"isBestMatch": true, "id": 37848554, "price": "0.00344810", "isBuyerMaker": false, "qty": "85.25000000", "time": 1551805491283}, "448": {"isBestMatch": true, "id": 37848555, "price": "0.00344810", "isBuyerMaker": false, "qty": "1.24000000", "time": 1551805491466}, "449": {"isBestMatch": true, "id": 37848556, "price": "0.00344800", "isBuyerMaker": true, "qty": "20.90000000", "time": 1551805491918}, "450": {"isBestMatch": true, "id": 37848557, "price": "0.00344810", "isBuyerMaker": false, "qty": "2.07000000", "time": 1551805492025}, "451": {"isBestMatch": true, "id": 37848558, "price": "0.00344800", "isBuyerMaker": false, "qty": "0.42000000", "time": 1551805492247}, "452": {"isBestMatch": true, "id": 37848559, "price": "0.00344800", "isBuyerMaker": false, "qty": "1.79000000", "time": 1551805494599}, "453": {"isBestMatch": true, "id": 37848560, "price": "0.00344800", "isBuyerMaker": false, "qty": "6.57000000", "time": 1551805496111}, "454": {"isBestMatch": true, "id": 37848561, "price": "0.00344810", "isBuyerMaker": false, "qty": "3.43000000", "time": 1551805496111}, "455": {"isBestMatch": true, "id": 37848562, "price": "0.00344800", "isBuyerMaker": false, "qty": "31.28000000", "time": 1551805499309}, "456": {"isBestMatch": true, "id": 37848563, "price": "0.00344800", "isBuyerMaker": false, "qty": "1.78000000", "time": 1551805499339}, "457": {"isBestMatch": true, "id": 37848564, "price": "0.00344790", "isBuyerMaker": false, "qty": "2.35000000", "time": 1551805502586}, "458": {"isBestMatch": true, "id": 37848565, "price": "0.00344800", "isBuyerMaker": false, "qty": "0.53000000", "time": 1551805502586}, "459": {"isBestMatch": true, "id": 37848566, "price": "0.00344770", "isBuyerMaker": true, "qty": "61.79000000", "time": 1551805505367}, "460": {"isBestMatch": true, "id": 37848567, "price": "0.00344770", "isBuyerMaker": true, "qty": "16.57000000", "time": 1551805505367}, "461": {"isBestMatch": true, "id": 37848568, "price": "0.00344800", "isBuyerMaker": false, "qty": "1.98000000", "time": 1551805505850}, "462": {"isBestMatch": true, "id": 37848569, "price": "0.00344790", "isBuyerMaker": false, "qty": "0.31000000", "time": 1551805508990}, "463": {"isBestMatch": true, "id": 37848570, "price": "0.00344790", "isBuyerMaker": false, "qty": "0.31000000", "time": 1551805508990}, "464": {"isBestMatch": true, "id": 37848571, "price": "0.00344790", "isBuyerMaker": false, "qty": "0.31000000", "time": 1551805508990}, "465": {"isBestMatch": true, "id": 37848572, "price": "0.00344790", "isBuyerMaker": false, "qty": "0.31000000", "time": 1551805508990}, "466": {"isBestMatch": true, "id": 37848573, "price": "0.00344790", "isBuyerMaker": false, "qty": "0.31000000", "time": 1551805508990}, "467": {"isBestMatch": true, "id": 37848574, "price": "0.00344790", "isBuyerMaker": false, "qty": "0.22000000", "time": 1551805508990}, "468": {"isBestMatch": true, "id": 37848575, "price": "0.00344790", "isBuyerMaker": false, "qty": "0.09000000", "time": 1551805509509}, "469": {"isBestMatch": true, "id": 37848576, "price": "0.00344790", "isBuyerMaker": false, "qty": "0.31000000", "time": 1551805509509}, "470": {"isBestMatch": true, "id": 37848577, "price": "0.00344790", "isBuyerMaker": false, "qty": "0.31000000", "time": 1551805509509}, "471": {"isBestMatch": true, "id": 37848578, "price": "0.00344790", "isBuyerMaker": false, "qty": "0.31000000", "time": 1551805509509}, "472": {"isBestMatch": true, "id": 37848579, "price": "0.00344790", "isBuyerMaker": false, "qty": "0.25000000", "time": 1551805509509}, "473": {"isBestMatch": true, "id": 37848580, "price": "0.00344800", "isBuyerMaker": false, "qty": "0.50000000", "time": 1551805509509}, "474": {"isBestMatch": true, "id": 37848581, "price": "0.00344800", "isBuyerMaker": false, "qty": "10.87000000", "time": 1551805509769}, "475": {"isBestMatch": true, "id": 37848582, "price": "0.00344780", "isBuyerMaker": false, "qty": "5.81000000", "time": 1551805513474}, "476": {"isBestMatch": true, "id": 37848583, "price": "0.00344800", "isBuyerMaker": false, "qty": "162.65000000", "time": 1551805513474}, "477": {"isBestMatch": true, "id": 37848584, "price": "0.00344810", "isBuyerMaker": false, "qty": "0.49000000", "time": 1551805513474}, "478": {"isBestMatch": true, "id": 37848585, "price": "0.00344820", "isBuyerMaker": false, "qty": "22.00000000", "time": 1551805513474}, "479": {"isBestMatch": true, "id": 37848586, "price": "0.00344830", "isBuyerMaker": false, "qty": "43.91000000", "time": 1551805513474}, "480": {"isBestMatch": true, "id": 37848587, "price": "0.00344830", "isBuyerMaker": true, "qty": "55.13000000", "time": 1551805513514}, "481": {"isBestMatch": true, "id": 37848588, "price": "0.00344850", "isBuyerMaker": false, "qty": "0.99000000", "time": 1551805515065}, "482": {"isBestMatch": true, "id": 37848589, "price": "0.00344850", "isBuyerMaker": false, "qty": "0.51000000", "time": 1551805516029}, "483": {"isBestMatch": true, "id": 37848590, "price": "0.00344850", "isBuyerMaker": false, "qty": "1.74000000", "time": 1551805520841}, "484": {"isBestMatch": true, "id": 37848591, "price": "0.00344850", "isBuyerMaker": false, "qty": "2.58000000", "time": 1551805523663}, "485": {"isBestMatch": true, "id": 37848592, "price": "0.00344850", "isBuyerMaker": false, "qty": "1.83000000", "time": 1551805523663}, "486": {"isBestMatch": true, "id": 37848593, "price": "0.00344850", "isBuyerMaker": false, "qty": "0.49000000", "time": 1551805525998}, "487": {"isBestMatch": true, "id": 37848594, "price": "0.00344850", "isBuyerMaker": false, "qty": "0.34000000", "time": 1551805527086}, "488": {"isBestMatch": true, "id": 37848595, "price": "0.00344860", "isBuyerMaker": false, "qty": "0.33000000", "time": 1551805527191}, "489": {"isBestMatch": true, "id": 37848596, "price": "0.00344890", "isBuyerMaker": false, "qty": "0.67000000", "time": 1551805527191}, "490": {"isBestMatch": true, "id": 37848597, "price": "0.00344830", "isBuyerMaker": true, "qty": "9.24000000", "time": 1551805529146}, "491": {"isBestMatch": true, "id": 37848598, "price": "0.00344830", "isBuyerMaker": true, "qty": "14.44000000", "time": 1551805529913}, "492": {"isBestMatch": true, "id": 37848599, "price": "0.00344800", "isBuyerMaker": true, "qty": "2.02000000", "time": 1551805529913}, "493": {"isBestMatch": true, "id": 37848600, "price": "0.00344850", "isBuyerMaker": true, "qty": "1.22000000", "time": 1551805531939}, "494": {"isBestMatch": true, "id": 37848601, "price": "0.00344850", "isBuyerMaker": true, "qty": "5.03000000", "time": 1551805531952}, "495": {"isBestMatch": true, "id": 37848602, "price": "0.00344890", "isBuyerMaker": false, "qty": "9.33000000", "time": 1551805532792}, "496": {"isBestMatch": true, "id": 37848603, "price": "0.00344900", "isBuyerMaker": false, "qty": "10.62000000", "time": 1551805532792}, "497": {"isBestMatch": true, "id": 37848604, "price": "0.00344920", "isBuyerMaker": false, "qty": "94.43000000", "time": 1551805532792}, "498": {"isBestMatch": true, "id": 37848605, "price": "0.00344930", "isBuyerMaker": false, "qty": "0.27000000", "time": 1551805532792}, "499": {"isBestMatch": true, "id": 37848606, "price": "0.00344850", "isBuyerMaker": true, "qty": "6.61000000", "time": 1551805537766}, "500": {"isBestMatch": true, "id": 37848607, "price": "0.00344850", "isBuyerMaker": true, "qty": "12.24000000", "time": 1551805538095}, "501": {"isBestMatch": true, "id": 37848608, "price": "0.00344920", "isBuyerMaker": false, "qty": "1.73000000", "time": 1551805538657}, "502": {"isBestMatch": true, "id": 37848609, "price": "0.00344800", "isBuyerMaker": true, "qty": "14.95000000", "time": 1551805539854}, "503": {"isBestMatch": true, "id": 37848610, "price": "0.00344910", "isBuyerMaker": false, "qty": "14.98000000", "time": 1551805540795}, "504": {"isBestMatch": true, "id": 37848611, "price": "0.00344920", "isBuyerMaker": false, "qty": "99.63000000", "time": 1551805540795}, "505": {"isBestMatch": true, "id": 37848612, "price": "0.00344800", "isBuyerMaker": true, "qty": "9.68000000", "time": 1551805541034}, "506": {"isBestMatch": true, "id": 37848613, "price": "0.00344800", "isBuyerMaker": true, "qty": "8.71000000", "time": 1551805541034}, "507": {"isBestMatch": true, "id": 37848614, "price": "0.00344800", "isBuyerMaker": true, "qty": "3.04000000", "time": 1551805541034}, "508": {"isBestMatch": true, "id": 37848615, "price": "0.00344800", "isBuyerMaker": true, "qty": "1.67000000", "time": 1551805541697}, "509": {"isBestMatch": true, "id": 37848616, "price": "0.00344890", "isBuyerMaker": false, "qty": "1.71000000", "time": 1551805542983}, "510": {"isBestMatch": true, "id": 37848617, "price": "0.00344800", "isBuyerMaker": true, "qty": "2.00000000", "time": 1551805544132}, "511": {"isBestMatch": true, "id": 37848618, "price": "0.00344890", "isBuyerMaker": false, "qty": "1.00000000", "time": 1551805544748}, "512": {"isBestMatch": true, "id": 37848619, "price": "0.00344890", "isBuyerMaker": false, "qty": "10.66000000", "time": 1551805546792}, "513": {"isBestMatch": true, "id": 37848620, "price": "0.00344890", "isBuyerMaker": true, "qty": "2.21000000", "time": 1551805547487}, "514": {"isBestMatch": true, "id": 37848621, "price": "0.00344890", "isBuyerMaker": false, "qty": "1.70000000", "time": 1551805549187}, "515": {"isBestMatch": true, "id": 37848622, "price": "0.00344850", "isBuyerMaker": true, "qty": "1.97000000", "time": 1551805549965}, "516": {"isBestMatch": true, "id": 37848623, "price": "0.00344890", "isBuyerMaker": false, "qty": "1.70000000", "time": 1551805550322}, "517": {"isBestMatch": true, "id": 37848624, "price": "0.00344890", "isBuyerMaker": false, "qty": "39.50000000", "time": 1551805550788}, "518": {"isBestMatch": true, "id": 37848625, "price": "0.00344910", "isBuyerMaker": false, "qty": "22.47000000", "time": 1551805550788}, "519": {"isBestMatch": true, "id": 37848626, "price": "0.00344850", "isBuyerMaker": true, "qty": "0.78000000", "time": 1551805551477}, "520": {"isBestMatch": true, "id": 37848627, "price": "0.00344800", "isBuyerMaker": true, "qty": "4.36000000", "time": 1551805551477}, "521": {"isBestMatch": true, "id": 37848628, "price": "0.00344800", "isBuyerMaker": true, "qty": "1.00000000", "time": 1551805552756}, "522": {"isBestMatch": true, "id": 37848629, "price": "0.00344900", "isBuyerMaker": false, "qty": "1.00000000", "time": 1551805553388}, "523": {"isBestMatch": true, "id": 37848630, "price": "0.00344900", "isBuyerMaker": false, "qty": "1.68000000", "time": 1551805555172}, "524": {"isBestMatch": true, "id": 37848631, "price": "0.00344900", "isBuyerMaker": false, "qty": "19.97000000", "time": 1551805556525}, "525": {"isBestMatch": true, "id": 37848632, "price": "0.00344890", "isBuyerMaker": true, "qty": "1.00000000", "time": 1551805556599}, "526": {"isBestMatch": true, "id": 37848633, "price": "0.00344900", "isBuyerMaker": false, "qty": "1.00000000", "time": 1551805557220}, "527": {"isBestMatch": true, "id": 37848634, "price": "0.00344890", "isBuyerMaker": false, "qty": "1.67000000", "time": 1551805560692}, "528": {"isBestMatch": true, "id": 37848635, "price": "0.00344890", "isBuyerMaker": false, "qty": "1.65000000", "time": 1551805562579}, "529": {"isBestMatch": true, "id": 37848636, "price": "0.00344890", "isBuyerMaker": false, "qty": "6.05000000", "time": 1551805563188}, "530": {"isBestMatch": true, "id": 37848637, "price": "0.00344800", "isBuyerMaker": true, "qty": "0.38000000", "time": 1551805563716}, "531": {"isBestMatch": true, "id": 37848638, "price": "0.00344890", "isBuyerMaker": false, "qty": "114.62000000", "time": 1551805564031}, "532": {"isBestMatch": true, "id": 37848639, "price": "0.00344800", "isBuyerMaker": true, "qty": "3.86000000", "time": 1551805565641}, "533": {"isBestMatch": true, "id": 37848640, "price": "0.00344800", "isBuyerMaker": true, "qty": "0.26000000", "time": 1551805565801}, "534": {"isBestMatch": true, "id": 37848641, "price": "0.00344800", "isBuyerMaker": true, "qty": "0.14000000", "time": 1551805565801}, "535": {"isBestMatch": true, "id": 37848642, "price": "0.00344890", "isBuyerMaker": false, "qty": "1.64000000", "time": 1551805569790}, "536": {"isBestMatch": true, "id": 37848643, "price": "0.00344800", "isBuyerMaker": true, "qty": "0.21000000", "time": 1551805570036}, "537": {"isBestMatch": true, "id": 37848644, "price": "0.00344800", "isBuyerMaker": true, "qty": "8.51000000", "time": 1551805570036}, "538": {"isBestMatch": true, "id": 37848645, "price": "0.00344800", "isBuyerMaker": true, "qty": "1.00000000", "time": 1551805571149}, "539": {"isBestMatch": true, "id": 37848646, "price": "0.00344680", "isBuyerMaker": true, "qty": "1.00000000", "time": 1551805571149}, "540": {"isBestMatch": true, "id": 37848647, "price": "0.00344880", "isBuyerMaker": false, "qty": "0.38000000", "time": 1551805571858}, "541": {"isBestMatch": true, "id": 37848648, "price": "0.00344860", "isBuyerMaker": false, "qty": "0.62000000", "time": 1551805572881}, "542": {"isBestMatch": true, "id": 37848649, "price": "0.00344870", "isBuyerMaker": false, "qty": "1.01000000", "time": 1551805572881}, "543": {"isBestMatch": true, "id": 37848650, "price": "0.00344680", "isBuyerMaker": true, "qty": "12.33000000", "time": 1551805574245}, "544": {"isBestMatch": true, "id": 37848651, "price": "0.00344680", "isBuyerMaker": true, "qty": "13.33000000", "time": 1551805574323}, "545": {"isBestMatch": true, "id": 37848652, "price": "0.00344670", "isBuyerMaker": true, "qty": "78.13000000", "time": 1551805574323}, "546": {"isBestMatch": true, "id": 37848653, "price": "0.00344670", "isBuyerMaker": true, "qty": "4.99000000", "time": 1551805574357}, "547": {"isBestMatch": true, "id": 37848654, "price": "0.00344840", "isBuyerMaker": false, "qty": "2.00000000", "time": 1551805575786}, "548": {"isBestMatch": true, "id": 37848655, "price": "0.00344670", "isBuyerMaker": true, "qty": "8.31000000", "time": 1551805578016}, "549": {"isBestMatch": true, "id": 37848656, "price": "0.00344830", "isBuyerMaker": false, "qty": "1.57000000", "time": 1551805578158}, "550": {"isBestMatch": true, "id": 37848657, "price": "0.00344670", "isBuyerMaker": true, "qty": "7.02000000", "time": 1551805579118}, "551": {"isBestMatch": true, "id": 37848658, "price": "0.00344670", "isBuyerMaker": true, "qty": "4.68000000", "time": 1551805579216}, "552": {"isBestMatch": true, "id": 37848659, "price": "0.00344670", "isBuyerMaker": true, "qty": "3.12000000", "time": 1551805579435}, "553": {"isBestMatch": true, "id": 37848660, "price": "0.00344670", "isBuyerMaker": true, "qty": "2.08000000", "time": 1551805579537}, "554": {"isBestMatch": true, "id": 37848661, "price": "0.00344780", "isBuyerMaker": false, "qty": "13.05000000", "time": 1551805582077}, "555": {"isBestMatch": true, "id": 37848662, "price": "0.00344790", "isBuyerMaker": false, "qty": "32.15000000", "time": 1551805582077}, "556": {"isBestMatch": true, "id": 37848663, "price": "0.00344780", "isBuyerMaker": false, "qty": "1.49000000", "time": 1551805583623}, "557": {"isBestMatch": true, "id": 37848664, "price": "0.00344670", "isBuyerMaker": true, "qty": "8.70000000", "time": 1551805584074}, "558": {"isBestMatch": true, "id": 37848665, "price": "0.00344670", "isBuyerMaker": true, "qty": "5.80000000", "time": 1551805584284}, "559": {"isBestMatch": true, "id": 37848666, "price": "0.00344770", "isBuyerMaker": false, "qty": "1.56000000", "time": 1551805584382}, "560": {"isBestMatch": true, "id": 37848667, "price": "0.00344670", "isBuyerMaker": true, "qty": "3.86000000", "time": 1551805585042}, "561": {"isBestMatch": true, "id": 37848668, "price": "0.00344740", "isBuyerMaker": false, "qty": "2.57000000", "time": 1551805586202}, "562": {"isBestMatch": true, "id": 37848669, "price": "0.00344750", "isBuyerMaker": false, "qty": "15.75000000", "time": 1551805586202}, "563": {"isBestMatch": true, "id": 37848670, "price": "0.00344740", "isBuyerMaker": false, "qty": "1.55000000", "time": 1551805587124}, "564": {"isBestMatch": true, "id": 37848671, "price": "0.00344670", "isBuyerMaker": true, "qty": "10.08000000", "time": 1551805589456}, "565": {"isBestMatch": true, "id": 37848672, "price": "0.00344670", "isBuyerMaker": true, "qty": "10.08000000", "time": 1551805589512}, "566": {"isBestMatch": true, "id": 37848673, "price": "0.00344670", "isBuyerMaker": true, "qty": "10.08000000", "time": 1551805589582}, "567": {"isBestMatch": true, "id": 37848674, "price": "0.00344670", "isBuyerMaker": true, "qty": "0.31000000", "time": 1551805590202}, "568": {"isBestMatch": true, "id": 37848675, "price": "0.00344710", "isBuyerMaker": false, "qty": "1.54000000", "time": 1551805591599}, "569": {"isBestMatch": true, "id": 37848676, "price": "0.00344700", "isBuyerMaker": false, "qty": "1.24000000", "time": 1551805592318}, "570": {"isBestMatch": true, "id": 37848677, "price": "0.00344690", "isBuyerMaker": false, "qty": "107.00000000", "time": 1551805595352}, "571": {"isBestMatch": true, "id": 37848678, "price": "0.00344690", "isBuyerMaker": false, "qty": "10.70000000", "time": 1551805595352}, "572": {"isBestMatch": true, "id": 37848679, "price": "0.00344690", "isBuyerMaker": false, "qty": "54.83000000", "time": 1551805595352}, "573": {"isBestMatch": true, "id": 37848680, "price": "0.00344690", "isBuyerMaker": false, "qty": "0.38000000", "time": 1551805597212}, "574": {"isBestMatch": true, "id": 37848681, "price": "0.00344690", "isBuyerMaker": false, "qty": "1.53000000", "time": 1551805597230}, "575": {"isBestMatch": true, "id": 37848682, "price": "0.00344690", "isBuyerMaker": false, "qty": "1.52000000", "time": 1551805602679}, "576": {"isBestMatch": true, "id": 37848683, "price": "0.00344690", "isBuyerMaker": false, "qty": "8.65000000", "time": 1551805602960}, "577": {"isBestMatch": true, "id": 37848684, "price": "0.00344690", "isBuyerMaker": false, "qty": "78.64000000", "time": 1551805603797}, "578": {"isBestMatch": true, "id": 37848685, "price": "0.00344700", "isBuyerMaker": false, "qty": "200.65000000", "time": 1551805603797}, "579": {"isBestMatch": true, "id": 37848686, "price": "0.00344780", "isBuyerMaker": false, "qty": "20.33000000", "time": 1551805603797}, "580": {"isBestMatch": true, "id": 37848687, "price": "0.00344780", "isBuyerMaker": false, "qty": "14.98000000", "time": 1551805603797}, "581": {"isBestMatch": true, "id": 37848688, "price": "0.00344780", "isBuyerMaker": false, "qty": "14.98000000", "time": 1551805603797}, "582": {"isBestMatch": true, "id": 37848689, "price": "0.00344780", "isBuyerMaker": false, "qty": "107.00000000", "time": 1551805603797}, "583": {"isBestMatch": true, "id": 37848690, "price": "0.00344780", "isBuyerMaker": false, "qty": "107.00000000", "time": 1551805603797}, "584": {"isBestMatch": true, "id": 37848691, "price": "0.00344780", "isBuyerMaker": false, "qty": "41.73000000", "time": 1551805603797}, "585": {"isBestMatch": true, "id": 37848692, "price": "0.00344780", "isBuyerMaker": false, "qty": "14.98000000", "time": 1551805603797}, "586": {"isBestMatch": true, "id": 37848693, "price": "0.00344780", "isBuyerMaker": false, "qty": "213.45000000", "time": 1551805603797}, "587": {"isBestMatch": true, "id": 37848694, "price": "0.00344790", "isBuyerMaker": false, "qty": "97.05000000", "time": 1551805603797}, "588": {"isBestMatch": true, "id": 37848695, "price": "0.00344800", "isBuyerMaker": false, "qty": "419.08000000", "time": 1551805603797}, "589": {"isBestMatch": true, "id": 37848696, "price": "0.00344840", "isBuyerMaker": false, "qty": "10.33000000", "time": 1551805603797}, "590": {"isBestMatch": true, "id": 37848697, "price": "0.00344900", "isBuyerMaker": false, "qty": "109.24000000", "time": 1551805603797}, "591": {"isBestMatch": true, "id": 37848698, "price": "0.00344890", "isBuyerMaker": false, "qty": "0.49000000", "time": 1551805604471}, "592": {"isBestMatch": true, "id": 37848699, "price": "0.00344700", "isBuyerMaker": true, "qty": "0.66000000", "time": 1551805606075}, "593": {"isBestMatch": true, "id": 37848700, "price": "0.00344840", "isBuyerMaker": false, "qty": "1.50000000", "time": 1551805607946}, "594": {"isBestMatch": true, "id": 37848701, "price": "0.00344810", "isBuyerMaker": true, "qty": "2.90000000", "time": 1551805609090}, "595": {"isBestMatch": true, "id": 37848702, "price": "0.00344830", "isBuyerMaker": false, "qty": "1.50000000", "time": 1551805610244}, "596": {"isBestMatch": true, "id": 37848703, "price": "0.00344700", "isBuyerMaker": true, "qty": "12.67000000", "time": 1551805611307}, "597": {"isBestMatch": true, "id": 37848704, "price": "0.00344830", "isBuyerMaker": false, "qty": "5.65000000", "time": 1551805611540}, "598": {"isBestMatch": true, "id": 37848705, "price": "0.00344690", "isBuyerMaker": true, "qty": "2.40000000", "time": 1551805613070}, "599": {"isBestMatch": true, "id": 37848706, "price": "0.00344690", "isBuyerMaker": true, "qty": "3.00000000", "time": 1551805613070}, "600": {"isBestMatch": true, "id": 37848707, "price": "0.00344830", "isBuyerMaker": false, "qty": "1.48000000", "time": 1551805613562}, "601": {"isBestMatch": true, "id": 37848708, "price": "0.00344830", "isBuyerMaker": false, "qty": "1.47000000", "time": 1551805616020}, "602": {"isBestMatch": true, "id": 37848709, "price": "0.00344810", "isBuyerMaker": false, "qty": "1.48000000", "time": 1551805617853}, "603": {"isBestMatch": true, "id": 37848710, "price": "0.00344800", "isBuyerMaker": false, "qty": "2.75000000", "time": 1551805618231}, "604": {"isBestMatch": true, "id": 37848711, "price": "0.00344670", "isBuyerMaker": true, "qty": "0.47000000", "time": 1551805618857}, "605": {"isBestMatch": true, "id": 37848712, "price": "0.00344770", "isBuyerMaker": false, "qty": "0.30000000", "time": 1551805620582}, "606": {"isBestMatch": true, "id": 37848713, "price": "0.00344760", "isBuyerMaker": false, "qty": "1.46000000", "time": 1551805621045}, "607": {"isBestMatch": true, "id": 37848714, "price": "0.00344670", "isBuyerMaker": true, "qty": "5.59000000", "time": 1551805622089}, "608": {"isBestMatch": true, "id": 37848715, "price": "0.00344670", "isBuyerMaker": true, "qty": "6.29000000", "time": 1551805622089}, "609": {"isBestMatch": true, "id": 37848716, "price": "0.00344670", "isBuyerMaker": true, "qty": "1.34000000", "time": 1551805622198}, "610": {"isBestMatch": true, "id": 37848717, "price": "0.00344620", "isBuyerMaker": true, "qty": "13.84000000", "time": 1551805622421}, "611": {"isBestMatch": true, "id": 37848718, "price": "0.00344600", "isBuyerMaker": true, "qty": "3.24000000", "time": 1551805622421}, "612": {"isBestMatch": true, "id": 37848719, "price": "0.00344640", "isBuyerMaker": false, "qty": "30.92000000", "time": 1551805625270}, "613": {"isBestMatch": true, "id": 37848720, "price": "0.00344630", "isBuyerMaker": false, "qty": "1.83000000", "time": 1551805625774}, "614": {"isBestMatch": true, "id": 37848721, "price": "0.00344600", "isBuyerMaker": true, "qty": "3.79000000", "time": 1551805627136}, "615": {"isBestMatch": true, "id": 37848722, "price": "0.00344590", "isBuyerMaker": true, "qty": "7.03000000", "time": 1551805627136}, "616": {"isBestMatch": true, "id": 37848723, "price": "0.00344610", "isBuyerMaker": false, "qty": "1.45000000", "time": 1551805627680}, "617": {"isBestMatch": true, "id": 37848724, "price": "0.00344610", "isBuyerMaker": false, "qty": "1.51000000", "time": 1551805627913}, "618": {"isBestMatch": true, "id": 37848725, "price": "0.00344600", "isBuyerMaker": false, "qty": "11.85000000", "time": 1551805628142}, "619": {"isBestMatch": true, "id": 37848726, "price": "0.00344610", "isBuyerMaker": false, "qty": "23.14000000", "time": 1551805628142}, "620": {"isBestMatch": true, "id": 37848727, "price": "0.00344560", "isBuyerMaker": true, "qty": "1.00000000", "time": 1551805631010}, "621": {"isBestMatch": true, "id": 37848728, "price": "0.00344500", "isBuyerMaker": true, "qty": "1.50000000", "time": 1551805631010}, "622": {"isBestMatch": true, "id": 37848729, "price": "0.00344490", "isBuyerMaker": true, "qty": "2.15000000", "time": 1551805631010}, "623": {"isBestMatch": true, "id": 37848730, "price": "0.00344460", "isBuyerMaker": true, "qty": "1.12000000", "time": 1551805631010}, "624": {"isBestMatch": true, "id": 37848731, "price": "0.00344350", "isBuyerMaker": true, "qty": "15.98000000", "time": 1551805631010}, "625": {"isBestMatch": true, "id": 37848732, "price": "0.00344600", "isBuyerMaker": false, "qty": "0.93000000", "time": 1551805631994}, "626": {"isBestMatch": true, "id": 37848733, "price": "0.00344460", "isBuyerMaker": true, "qty": "3.89000000", "time": 1551805632466}, "627": {"isBestMatch": true, "id": 37848734, "price": "0.00344360", "isBuyerMaker": true, "qty": "13.34000000", "time": 1551805632466}, "628": {"isBestMatch": true, "id": 37848735, "price": "0.00344360", "isBuyerMaker": true, "qty": "11.87000000", "time": 1551805632466}, "629": {"isBestMatch": true, "id": 37848736, "price": "0.00344360", "isBuyerMaker": true, "qty": "33.11000000", "time": 1551805633980}, "630": {"isBestMatch": true, "id": 37848737, "price": "0.00344350", "isBuyerMaker": true, "qty": "0.30000000", "time": 1551805634304}, "631": {"isBestMatch": true, "id": 37848738, "price": "0.00344350", "isBuyerMaker": true, "qty": "0.30000000", "time": 1551805634617}, "632": {"isBestMatch": true, "id": 37848739, "price": "0.00344560", "isBuyerMaker": false, "qty": "1.82000000", "time": 1551805635397}, "633": {"isBestMatch": true, "id": 37848740, "price": "0.00344560", "isBuyerMaker": false, "qty": "0.93000000", "time": 1551805635440}, "634": {"isBestMatch": true, "id": 37848741, "price": "0.00344350", "isBuyerMaker": true, "qty": "0.58000000", "time": 1551805635745}, "635": {"isBestMatch": true, "id": 37848742, "price": "0.00344350", "isBuyerMaker": true, "qty": "26.00000000", "time": 1551805635822}, "636": {"isBestMatch": true, "id": 37848743, "price": "0.00344360", "isBuyerMaker": true, "qty": "2.74000000", "time": 1551805636632}, "637": {"isBestMatch": true, "id": 37848744, "price": "0.00344350", "isBuyerMaker": true, "qty": "63.66000000", "time": 1551805636851}, "638": {"isBestMatch": true, "id": 37848745, "price": "0.00344520", "isBuyerMaker": false, "qty": "0.30000000", "time": 1551805637524}, "639": {"isBestMatch": true, "id": 37848746, "price": "0.00344510", "isBuyerMaker": false, "qty": "1.00000000", "time": 1551805640274}, "640": {"isBestMatch": true, "id": 37848747, "price": "0.00344350", "isBuyerMaker": true, "qty": "22.00000000", "time": 1551805640899}, "641": {"isBestMatch": true, "id": 37848748, "price": "0.00344350", "isBuyerMaker": true, "qty": "10.00000000", "time": 1551805641264}, "642": {"isBestMatch": true, "id": 37848749, "price": "0.00344350", "isBuyerMaker": true, "qty": "3.54000000", "time": 1551805642501}, "643": {"isBestMatch": true, "id": 37848750, "price": "0.00344320", "isBuyerMaker": true, "qty": "0.19000000", "time": 1551805642501}, "644": {"isBestMatch": true, "id": 37848751, "price": "0.00344320", "isBuyerMaker": true, "qty": "4.30000000", "time": 1551805642501}, "645": {"isBestMatch": true, "id": 37848752, "price": "0.00344320", "isBuyerMaker": true, "qty": "17.63000000", "time": 1551805645110}, "646": {"isBestMatch": true, "id": 37848753, "price": "0.00344310", "isBuyerMaker": true, "qty": "5.41000000", "time": 1551805645110}, "647": {"isBestMatch": true, "id": 37848754, "price": "0.00344310", "isBuyerMaker": true, "qty": "8.81000000", "time": 1551805645215}, "648": {"isBestMatch": true, "id": 37848755, "price": "0.00344300", "isBuyerMaker": true, "qty": "6.54000000", "time": 1551805645215}, "649": {"isBestMatch": true, "id": 37848756, "price": "0.00344300", "isBuyerMaker": true, "qty": "2.28000000", "time": 1551805646462}, "650": {"isBestMatch": true, "id": 37848757, "price": "0.00344300", "isBuyerMaker": true, "qty": "0.71000000", "time": 1551805647805}, "651": {"isBestMatch": true, "id": 37848758, "price": "0.00344300", "isBuyerMaker": true, "qty": "8.32000000", "time": 1551805648113}, "652": {"isBestMatch": true, "id": 37848759, "price": "0.00344300", "isBuyerMaker": true, "qty": "5.55000000", "time": 1551805648223}, "653": {"isBestMatch": true, "id": 37848760, "price": "0.00344300", "isBuyerMaker": true, "qty": "3.70000000", "time": 1551805649126}, "654": {"isBestMatch": true, "id": 37848761, "price": "0.00344300", "isBuyerMaker": true, "qty": "2.46000000", "time": 1551805649239}, "655": {"isBestMatch": true, "id": 37848762, "price": "0.00344310", "isBuyerMaker": false, "qty": "5.79000000", "time": 1551805651195}, "656": {"isBestMatch": true, "id": 37848763, "price": "0.00344300", "isBuyerMaker": true, "qty": "10.70000000", "time": 1551805651372}, "657": {"isBestMatch": true, "id": 37848764, "price": "0.00344300", "isBuyerMaker": true, "qty": "352.00000000", "time": 1551805651926}, "658": {"isBestMatch": true, "id": 37848765, "price": "0.00344090", "isBuyerMaker": true, "qty": "2.37000000", "time": 1551805655576}, "659": {"isBestMatch": true, "id": 37848766, "price": "0.00344090", "isBuyerMaker": true, "qty": "0.36000000", "time": 1551805655647}, "660": {"isBestMatch": true, "id": 37848767, "price": "0.00344180", "isBuyerMaker": false, "qty": "1.08000000", "time": 1551805655941}, "661": {"isBestMatch": true, "id": 37848768, "price": "0.00344090", "isBuyerMaker": true, "qty": "28.92000000", "time": 1551805657149}, "662": {"isBestMatch": true, "id": 37848769, "price": "0.00344090", "isBuyerMaker": true, "qty": "19.28000000", "time": 1551805658133}, "663": {"isBestMatch": true, "id": 37848770, "price": "0.00344090", "isBuyerMaker": true, "qty": "12.85000000", "time": 1551805658217}, "664": {"isBestMatch": true, "id": 37848771, "price": "0.00344090", "isBuyerMaker": true, "qty": "8.57000000", "time": 1551805658352}, "665": {"isBestMatch": true, "id": 37848772, "price": "0.00344150", "isBuyerMaker": false, "qty": "6.50000000", "time": 1551805658352}, "666": {"isBestMatch": true, "id": 37848773, "price": "0.00344090", "isBuyerMaker": true, "qty": "5.71000000", "time": 1551805658615}, "667": {"isBestMatch": true, "id": 37848774, "price": "0.00344090", "isBuyerMaker": true, "qty": "2.40000000", "time": 1551805659060}, "668": {"isBestMatch": true, "id": 37848775, "price": "0.00344140", "isBuyerMaker": false, "qty": "1.54000000", "time": 1551805659185}, "669": {"isBestMatch": true, "id": 37848776, "price": "0.00344090", "isBuyerMaker": true, "qty": "8.39000000", "time": 1551805659715}, "670": {"isBestMatch": true, "id": 37848777, "price": "0.00344090", "isBuyerMaker": true, "qty": "104.62000000", "time": 1551805663606}, "671": {"isBestMatch": true, "id": 37848778, "price": "0.00344080", "isBuyerMaker": true, "qty": "69.40000000", "time": 1551805663606}, "672": {"isBestMatch": true, "id": 37848779, "price": "0.00344120", "isBuyerMaker": false, "qty": "43.32000000", "time": 1551805663897}, "673": {"isBestMatch": true, "id": 37848780, "price": "0.00344080", "isBuyerMaker": true, "qty": "6.17000000", "time": 1551805664793}, "674": {"isBestMatch": true, "id": 37848781, "price": "0.00344080", "isBuyerMaker": true, "qty": "3.51000000", "time": 1551805664840}, "675": {"isBestMatch": true, "id": 37848782, "price": "0.00344080", "isBuyerMaker": true, "qty": "22.72000000", "time": 1551805664934}, "676": {"isBestMatch": true, "id": 37848783, "price": "0.00344080", "isBuyerMaker": true, "qty": "31.83000000", "time": 1551805667137}, "677": {"isBestMatch": true, "id": 37848784, "price": "0.00344080", "isBuyerMaker": true, "qty": "10.41000000", "time": 1551805667137}, "678": {"isBestMatch": true, "id": 37848785, "price": "0.00344080", "isBuyerMaker": false, "qty": "0.30000000", "time": 1551805667910}, "679": {"isBestMatch": true, "id": 37848786, "price": "0.00343940", "isBuyerMaker": true, "qty": "1.62000000", "time": 1551805674102}, "680": {"isBestMatch": true, "id": 37848787, "price": "0.00343880", "isBuyerMaker": true, "qty": "1.00000000", "time": 1551805676476}, "681": {"isBestMatch": true, "id": 37848788, "price": "0.00343990", "isBuyerMaker": false, "qty": "1.00000000", "time": 1551805676918}, "682": {"isBestMatch": true, "id": 37848789, "price": "0.00343990", "isBuyerMaker": false, "qty": "8.43000000", "time": 1551805677326}, "683": {"isBestMatch": true, "id": 37848790, "price": "0.00343990", "isBuyerMaker": false, "qty": "0.35000000", "time": 1551805679197}, "684": {"isBestMatch": true, "id": 37848791, "price": "0.00343880", "isBuyerMaker": true, "qty": "1.00000000", "time": 1551805681467}, "685": {"isBestMatch": true, "id": 37848792, "price": "0.00343880", "isBuyerMaker": true, "qty": "3.16000000", "time": 1551805681467}, "686": {"isBestMatch": true, "id": 37848793, "price": "0.00343970", "isBuyerMaker": false, "qty": "10.46000000", "time": 1551805682614}, "687": {"isBestMatch": true, "id": 37848794, "price": "0.00343980", "isBuyerMaker": false, "qty": "25.22000000", "time": 1551805682614}, "688": {"isBestMatch": true, "id": 37848795, "price": "0.00343880", "isBuyerMaker": true, "qty": "1.99000000", "time": 1551805683033}, "689": {"isBestMatch": true, "id": 37848796, "price": "0.00343980", "isBuyerMaker": false, "qty": "1.00000000", "time": 1551805683504}, "690": {"isBestMatch": true, "id": 37848797, "price": "0.00343880", "isBuyerMaker": true, "qty": "0.83000000", "time": 1551805686450}, "691": {"isBestMatch": true, "id": 37848798, "price": "0.00343880", "isBuyerMaker": true, "qty": "0.83000000", "time": 1551805686748}, "692": {"isBestMatch": true, "id": 37848799, "price": "0.00343970", "isBuyerMaker": false, "qty": "6.97000000", "time": 1551805691871}, "693": {"isBestMatch": true, "id": 37848800, "price": "0.00343980", "isBuyerMaker": false, "qty": "41.91000000", "time": 1551805691871}, "694": {"isBestMatch": true, "id": 37848801, "price": "0.00343980", "isBuyerMaker": false, "qty": "2.00000000", "time": 1551805691993}, "695": {"isBestMatch": true, "id": 37848802, "price": "0.00343980", "isBuyerMaker": false, "qty": "1.51000000", "time": 1551805693379}, "696": {"isBestMatch": true, "id": 37848803, "price": "0.00343880", "isBuyerMaker": true, "qty": "9.04000000", "time": 1551805696642}, "697": {"isBestMatch": true, "id": 37848804, "price": "0.00343820", "isBuyerMaker": true, "qty": "2.61000000", "time": 1551805696642}, "698": {"isBestMatch": true, "id": 37848805, "price": "0.00343820", "isBuyerMaker": true, "qty": "0.01000000", "time": 1551805698596}, "699": {"isBestMatch": true, "id": 37848806, "price": "0.00343690", "isBuyerMaker": true, "qty": "1.81000000", "time": 1551805698596}, "700": {"isBestMatch": true, "id": 37848807, "price": "0.00343690", "isBuyerMaker": true, "qty": "23.01000000", "time": 1551805699439}, "701": {"isBestMatch": true, "id": 37848808, "price": "0.00343860", "isBuyerMaker": false, "qty": "1.78000000", "time": 1551805701814}, "702": {"isBestMatch": true, "id": 37848809, "price": "0.00343860", "isBuyerMaker": false, "qty": "1.78000000", "time": 1551805701814}, "703": {"isBestMatch": true, "id": 37848810, "price": "0.00343860", "isBuyerMaker": false, "qty": "1.78000000", "time": 1551805701814}, "704": {"isBestMatch": true, "id": 37848811, "price": "0.00343870", "isBuyerMaker": false, "qty": "9.35000000", "time": 1551805701814}, "705": {"isBestMatch": true, "id": 37848812, "price": "0.00343880", "isBuyerMaker": false, "qty": "11.31000000", "time": 1551805701814}, "706": {"isBestMatch": true, "id": 37848813, "price": "0.00343980", "isBuyerMaker": false, "qty": "88.91000000", "time": 1551805701814}, "707": {"isBestMatch": true, "id": 37848814, "price": "0.00343730", "isBuyerMaker": true, "qty": "38.63000000", "time": 1551805707058}, "708": {"isBestMatch": true, "id": 37848815, "price": "0.00343970", "isBuyerMaker": false, "qty": "26.67000000", "time": 1551805707586}, "709": {"isBestMatch": true, "id": 37848816, "price": "0.00343980", "isBuyerMaker": false, "qty": "69.49000000", "time": 1551805707586}, "710": {"isBestMatch": true, "id": 37848817, "price": "0.00343750", "isBuyerMaker": true, "qty": "12.52000000", "time": 1551805708056}, "711": {"isBestMatch": true, "id": 37848818, "price": "0.00343960", "isBuyerMaker": false, "qty": "46.46000000", "time": 1551805708548}, "712": {"isBestMatch": true, "id": 37848819, "price": "0.00343930", "isBuyerMaker": false, "qty": "16.81000000", "time": 1551805711653}, "713": {"isBestMatch": true, "id": 37848820, "price": "0.00343780", "isBuyerMaker": true, "qty": "3.57000000", "time": 1551805713172}, "714": {"isBestMatch": true, "id": 37848821, "price": "0.00343770", "isBuyerMaker": true, "qty": "6.06000000", "time": 1551805713172}, "715": {"isBestMatch": true, "id": 37848822, "price": "0.00343920", "isBuyerMaker": false, "qty": "0.59000000", "time": 1551805713989}, "716": {"isBestMatch": true, "id": 37848823, "price": "0.00343770", "isBuyerMaker": true, "qty": "1.49000000", "time": 1551805715877}, "717": {"isBestMatch": true, "id": 37848824, "price": "0.00343760", "isBuyerMaker": true, "qty": "3.56000000", "time": 1551805715877}, "718": {"isBestMatch": true, "id": 37848825, "price": "0.00343730", "isBuyerMaker": true, "qty": "14.28000000", "time": 1551805715877}, "719": {"isBestMatch": true, "id": 37848826, "price": "0.00343730", "isBuyerMaker": true, "qty": "1.49000000", "time": 1551805715900}, "720": {"isBestMatch": true, "id": 37848827, "price": "0.00343770", "isBuyerMaker": false, "qty": "3.56000000", "time": 1551805716460}, "721": {"isBestMatch": true, "id": 37848828, "price": "0.00343780", "isBuyerMaker": false, "qty": "8.44000000", "time": 1551805716460}, "722": {"isBestMatch": true, "id": 37848829, "price": "0.00343780", "isBuyerMaker": false, "qty": "3.22000000", "time": 1551805716962}, "723": {"isBestMatch": true, "id": 37848830, "price": "0.00343870", "isBuyerMaker": true, "qty": "0.35000000", "time": 1551805718144}, "724": {"isBestMatch": true, "id": 37848831, "price": "0.00343870", "isBuyerMaker": true, "qty": "0.70000000", "time": 1551805722124}, "725": {"isBestMatch": true, "id": 37848832, "price": "0.00343930", "isBuyerMaker": false, "qty": "0.41000000", "time": 1551805724273}, "726": {"isBestMatch": true, "id": 37848833, "price": "0.00343870", "isBuyerMaker": true, "qty": "7.73000000", "time": 1551805726284}, "727": {"isBestMatch": true, "id": 37848834, "price": "0.00343870", "isBuyerMaker": true, "qty": "12.00000000", "time": 1551805726284}, "728": {"isBestMatch": true, "id": 37848835, "price": "0.00343870", "isBuyerMaker": true, "qty": "12.00000000", "time": 1551805726284}, "729": {"isBestMatch": true, "id": 37848836, "price": "0.00343870", "isBuyerMaker": true, "qty": "7.39000000", "time": 1551805726284}, "730": {"isBestMatch": true, "id": 37848837, "price": "0.00343910", "isBuyerMaker": false, "qty": "0.50000000", "time": 1551805728540}, "731": {"isBestMatch": true, "id": 37848838, "price": "0.00343870", "isBuyerMaker": true, "qty": "2.00000000", "time": 1551805730307}, "732": {"isBestMatch": true, "id": 37848839, "price": "0.00343870", "isBuyerMaker": true, "qty": "2.61000000", "time": 1551805730542}, "733": {"isBestMatch": true, "id": 37848840, "price": "0.00343870", "isBuyerMaker": true, "qty": "0.54000000", "time": 1551805730542}, "734": {"isBestMatch": true, "id": 37848841, "price": "0.00343870", "isBuyerMaker": true, "qty": "4.20000000", "time": 1551805731071}, "735": {"isBestMatch": true, "id": 37848842, "price": "0.00343870", "isBuyerMaker": true, "qty": "7.26000000", "time": 1551805733477}, "736": {"isBestMatch": true, "id": 37848843, "price": "0.00343730", "isBuyerMaker": true, "qty": "15.37000000", "time": 1551805733477}